3027 5263
1600 569 1723 629 112

537 769 836 834 centurias
883 766 1086 828 locum
1135 768 1476 848 separatum
1524 760 1811 824 habuisse
1850 760 1892 843 ¹)
1916 787 1933 838 ;
1988 759 2186 823 locum
2224 761 2483 824 comitiis
2531 761 2796 825 tributis

538 894 833 960 habendis
867 900 1160 955 statutum
1188 892 1250 953 in
1281 894 1364 952 35
1395 899 1592 973 partes
1642 889 1903 950 divisum
1956 888 2140 951 fuisse
2174 898 2406 951 constat
2442 889 2509 969 2).
2566 889 2798 951 Suffra-

539 1022 707 1106 gium
761 1020 960 1083 ferunt
1008 1019 1206 1082 curiae
1241 1019 1304 1080 in
1357 1016 1725 1100 consaeptis3
1766 1016 1975 1079 eadem
2012 1017 2121 1079 hac
2158 1016 2391 1078 ratione
2417 1026 2557 1100 post
2592 1016 2797 1100 legem

542 1145 904 1222 Gabiniam,
973 1167 1126 1229 quae
1191 1144 1386 1228 prima
1431 1143 1550 1205 fuit
1600 1142 1951 1220 tabellaria,
2004 1144 2284 1225 suffragia
2334 1142 2560 1205 Romae
2612 1151 2677 1205 et
2728 1144 2795 1205 in

541 1274 806 1338 comitiis
871 1272 1220 1335 centuriatis
1270 1280 1330 1332 et
1378 1270 1440 1333 in
1509 1270 1755 1333 tributis
1802 1270 2171 1333 ferebantur.
2272 1269 2388 1332 Illa
2436 1271 2571 1353 lege
2622 1272 2793 1333 enim

537 1400 955 1465 introductum
1003 1406 1092 1461 est
1142 1408 1210 1460 ut
1253 1398 1444 1472 civeS,
1497 1420 1689 1480 quum
1722 1397 1966 1459 comitia
2010 1396 2457 1479 magistratibus
2505 1396 2787 1459 creandis

540 1526 931 1601 haberentur,
983 1548 1165 1589 unam
1214 1524 1496 1588 tabellam
1540 1525 1919 1607 acciperent,
1974 1524 2069 1587 cui
2132 1523 2374 1585 nomina
2432 1523 2789 1586 candidato-

539 1675 676 1717 rum
725 1652 1052 1716 inscribere
1101 1658 1350 1735 possent
1385 1651 1449 1734 3).
1550 1650 1808 1713 Romani
1860 1650 2016 1713 hanc
2074 1650 2354 1713 tabellam
2406 1650 2791 1735 accipiebant

541 1781 609 1844 in
641 1778 958 1863 pontibuS‚
993 1800 1099 1861 per
1132 1801 1283 1861 quos
1316 1778 1593 1841 accedere
1622 1778 1840 1841 licebat
1874 1777 1949 1840 ad
1982 1778 2223 1862 singula
2256 1788 2614 1862 consaepta,
2648 1802 2791 1842 nam

545 1906 787 1989 singula
857 1903 1090 1967 aditum
1165 1903 1278 1966 sibi
1330 1905 1639 1988 proprium
1693 1904 2028 1981 habebant;
2101 1906 2166 1968 in
2216 1905 2507 1989 pontibus
2560 1906 2787 1969 Romae

545 2033 728 2096 cistae
791 2037 961 2095 erant
1023 2032 1253 2115 positae
1286 2031 1334 2114 4)
1360 2082 1378 2109 ,
1444 2032 1512 2095 in
1560 2033 1785 2117 quibus
1848 2035 2009 2097 cives
2072 2033 2444 2117 deponerent
2494 2031 2787 2097 tabellas:

545 2157 816 2223 Malacae
865 2180 1110 2242 quoque
1160 2158 1236 2221 ad
1262 2158 1502 2242 singula
1535 2165 1865 2245 consaepta
1890 2159 2257 2224 accedebant
2290 2160 2636 2245 municipes
2668 2161 2791 2224 suf-

544 2285 734 2371 fragia
758 2286 1018 2349 ferentes
1051 2307 1156 2370 per
1180 2284 1415 2348 aditum
1444 2284 1562 2348 sibi
1590 2287 1900 2371 proprium
1919 2313 1936 2364 ;
1969 2286 2032 2349 in
2058 2285 2183 2349 illis
2216 2292 2385 2349 actus
2406 2284 2679 2371 suffragii
2706 2286 2791 2350 fe·

542 2412 716 2476 rendi
748 2433 992 2496 prorsus
1026 2411 1459 2496 peragebatur;
1496 2411 1584 2475 ibi
1618 2412 1779 2476 enim
1814 2412 2149 2496 municipes
2184 2411 2565 2495 accipiebant
2599 2411 2791 2476 tabel-

545 2538 668 2602 lam
686 2585 704 2614 ‚
741 2559 997 2621 eamque
1028 2538 1379 2602 nominibus
1413 2539 1735 2623 inscriptis
1768 2539 1829 2601 in
1869 2539 2030 2602 cistis
2064 2537 2463 2603 collocabant.
2517 2538 2748 2601 Romae
2773 2586 2791 2615 ‚

544 2671 614 2730 ut
663 2665 778 2730 hoc
827 2664 1080 2740 addam,
1134 2666 1294 2728 cives
1343 2667 1410 2729 in
1452 2666 1718 2730 comitiis
1767 2668 2119 2730 centuriatis
2169 2690 2202 2728 a
2237 2665 2620 2751 rogatoribus
2653 2688 2792 2730 cen-

541 2793 872 2868 turiarum,
937 2793 1002 2855 in
1068 2792 1316 2855 tributis
1365 2793 1617 2856 fortasse
1667 2816 1701 2855 a
1750 2793 2133 2857 curatoribus
2182 2793 2455 2857 tribuum
2504 2792 2791 2856 tabellam

545 2918 926 3004 accipiebant
957 2919 1026 3002 ³).
1123 2919 1196 2982 In
1266 2919 1420 3004 legis
1471 2919 1874 2984 Malacitanae
1926 2929 2097 3006 parte
2152 2920 2257 2984 illa
2308 2943 2461 3004 quae
2518 2925 2793 3005 superest

545 3052 791 3110 cautum
840 3067 960 3108 nou
1013 3051 1100 3109 est
1149 3044 1252 3108 cui
1304 3067 1525 3109 munus
1576 3046 1732 3109 illud
1781 3047 1844 3110 in
1903 3047 2242 3131 municipio
2292 3055 2497 3110 nostro
2548 3047 2787 3110 mande·

543 3177 646 3235 tur
661 3199 679 3250 ;
732 3179 882 3255 puto
930 3179 1134 3235 tamen
1185 3172 1455 3236 Malacae
1503 3195 1575 3236 eo
1624 3173 1863 3236 functos
1923 3196 2051 3238 esse
2101 3173 2381 3237 custodes
2430 3173 2540 3256 qui
2592 3195 2625 3236 a
2678 3195 2793 3236 ma—

545 3296 810 3381 gistratu
882 3305 1052 3360 erant
1125 3298 1290 3375 dati3
1361 3322 1555 3383 eoque
1626 3299 1774 3362 haec
1847 3300 2053 3383 opinio
2126 3301 2550 3376 confirmatur,
2628 3299 2793 3384 quod

547 3422 613 3486 in
677 3422 814 3506 ipso
881 3423 1094 3506 Capite
1162 3426 1244 3485 55
1313 3423 1464 3509 legis
1515 3426 1664 3488 Mal.
1720 3426 2068 3490 custodibus
2129 3427 2391 3491 defertur
2439 3427 2797 3510 negotium,

549 3550 715 3634 quod
778 3549 1006 3614 Romae
1070 3556 1374 3635 rogatores
1437 3551 1835 3642 perficiebant
1853 3580 1871 3632 3
1952 3553 2229 3618 custodes
2294 3554 2458 3617 enim
2523 3553 2793 3618 Malacae

690 3776 726 3835 1)
795 3775 916 3824 Vide
953 3787 1123 3824 unet
1160 3777 1291 3826 Rem.
1329 3778 1657 3826 Alterlhic'mer
1690 3778 1773 3829 11.
1810 3794 1859 3844 p.
1898 3779 2017 3830 425.

691 3859 728 3917 2)
800 3859 918 3906 Vide
971 3874 1225 3908 ascomtm
1280 3861 1338 3908 ad
1396 3862 1502 3912 Cic.
1540 3863 1587 3910 in
1632 3865 1771 3913 Corn.
1825 3879 1871 3927 p.
1921 3862 1985 3912 70
2034 3864 2115 3912 ubi
2163 3860 2331 3912 dicit:-
2380 3863 2561 3922 „anet
2595 3865 2721 3914 enim
2754 3866 2796 3914 is

553 3941 634 4007 qui
685 3943 779 3990 fert
829 3943 980 4004 legem
1035 3945 1220 4001 dicere,
1272 3946 1399 4007 qnod
1447 3947 1647 3996 verbum
1701 3964 1795 3995 nou
1850 3949 1938 3996 hoc
1992 3949 2227 4010 significat
2262 3948 2421 4010 quod.
2468 3949 2521 3998 iu
2558 3950 2799 3999 communi

554 4025 894 4076 consuetudine
930 4032 1056 4082 erat,
1097 4029 1156 4075 de
1194 4045 1250 4076 eo
1289 4029 1421 4087 loco,
1460 4031 1541 4078 ubi
1580 4032 1651 4080 lex
1692 4033 1866 4088 fertum
1903 4034 1985 4080 sed
2022 4033 2068 4080 in
2109 4049 2243 4080 suam
2280 4035 2476 4096 quisque
2505 4035 2687 4082 tribum
2711 4036 2804 4083 dis·

554 4110 691 4160 cedat
725 4110 772 4157 in
811 4125 904 4172 qua
939 4115 1011 4158 est
1045 4113 1321 4176 suffragium
1358 4113 1595 4164 laturus.”
1630 4116 1689 4168 cf.
1724 4131 1907 4166 Lrvrun
1942 4117 2048 4167 Lib.
2086 4117 2169 4165 25.
2206 4118 2325 4180 Cap.
2362 4118 2409 4167 2.
2447 4118 2529 4166 ubi
2566 4119 2714 4168 verba
2736 4118 2805 4168 le-

555 4200 760 4259 guntur:
799 4195 1097 4252 „discurrere
1131 4212 1182 4244 m
1216 4198 1423 4248 tribus.’'

696 4277 736 4340 ³)
806 4278 923 4326 Vide
957 4293 1193 4329 cresson.
1231 4283 1291 4330 de
1324 4284 1504 4346 quibus
1536 4283 1641 4335 Lib.
1679 4285 1707 4333 3
1747 4285 1866 4349 Cap.
1904 4285 1985 4333 16.
2023 4285 2241 4342 laelius,
2280 4287 2398 4350 Cap.
2438 4287 2518 4336 12.

691 4361 744 4425 4)
805 4361 926 4410 Vide
964 4366 1103 4413 Auct.
1139 4366 1206 4414 ad
1238 4367 1535 4416 Herennium
1570 4369 1627 4425 Ι,
1669 4369 1757 4427 12,
1799 4370 1882 4419 21.

699 4446 738 4507 ⁵)
810 4447 929 4496 Vide
963 4460 1218 4500 mommsen
1251 4449 1300 4498 in
1340 4451 1525 4514 Opere:
1562 4452 1806 4502 Rb'miseke
1847 4453 2034 4512 Tribus,
2074 4471 2120 4519 p.
2166 4454 2290 4511 102,
2336 4455 2447 4504 104.
