3027 5263
1586 497 1718 563 146

526 700 749 779 menti,
819 698 986 784 quod
1057 717 1382 763 consensus
1445 693 1607 759 int-er
1670 714 1772 757 eos
1832 688 2212 757 necessarius
2284 694 2412 753 erat
2482 686 2551 751 in
2612 688 2782 751 omni

521 852 624 908 re,
657 827 786 893 sine
820 826 936 891 hoc
969 825 1132 891 enim
1166 809 1446 890 voluntas
1479 820 1730 887 alterius
1764 819 2146 905 magistratus
2182 818 2403 883 effectu
2429 816 2675 881 carebat
2706 817 2779 903 ¹);

519 978 662 1021 nam
711 953 863 1020 alter
905 955 971 1019 in
1019 953 1312 1040 collegam
1355 951 1492 1037 jure
1526 947 1943 1015 intercedendi
1980 948 2069 1013 uti
2120 952 2374 1032 poterat.
2454 946 2533 1009 In
2582 946 2775 1009 omni·

523 1082 641 1148 bus
687 1083 905 1159 causis,
959 1087 1195 1169 praeter
1244 1102 1342 1145 eas
1390 1100 1546 1164 quae
1588 1077 1807 1142 diserte
1854 1074 2344 1161 excipiebantur,
2400 1074 2775 1139 intercedere

529 1218 808 1297 poterant
855 1209 978 1274 duo
1029 1210 1420 1295 magistratus
1467 1228 1591 1272 non
1626 1210 1873 1270 tantum
1926 1203 2075 1269 alter
2128 1202 2331 1282 alteri,
2382 1203 2487 1267 sed
2524 1203 2605 1265 iis
2642 1225 2785 1287 quo·

533 1360 653 1423 que
701 1337 810 1423 qui
861 1337 1158 1423 dignitate
1207 1335 1522 1401 cedebant.

715 1464 905 1553 Apud
990 1464 1296 1529 Romanos
1367 1460 1533 1527 enim
1607 1458 1817 1545 regula
1896 1458 2193 1523 invaluit:
2276 1458 2444 1536 „Par
2520 1458 2783 1544 majorve

531 1598 795 1677 potestas
843 1591 982 1677 plus
1033 1590 1266 1656 valeto’'
1301 1591 1372 1675 ²).
1471 1588 1771 1674 Magnum
1820 1586 2068 1673 privatis
2114 1585 2401 1651 facultate
2436 1584 2544 1650 illa
2578 1586 2783 1673 appel·

529 1720 694 1785 laudi
747 1721 1166 1807 magistratum
1214 1740 1419 1805 parem
1470 1716 1567 1782 vel
1614 1716 1903 1801 majorem
1952 1721 2364 1800 comparatum
2404 1722 2537 1779 erat
2565 1717 2785 1801 praesi-

533 1846 704 1911 dium
739 1854 948 1913 contra
996 1847 1460 1933 magistratuum
1509 1845 1925 1908 Romanorum
1974 1848 2333 1927 potestatem
2374 1842 2497 1907 fere
2530 1844 2781 1931 regiam.

719 1974 894 2039 Idem
952 1974 1051 2060 jus
1122 1972 1571 2039 intercessionis
1635 1970 2015 2055 competebat
2080 1970 2211 2056 pari
2262 1972 2546 2056 majorive
2596 1972 2785 2057 magi·

537 2103 756 2169 stratui
807 2103 867 2167 in
918 2102 1272 2187 municipiis
1318 2100 1573 2179 Flaviis3
1627 2100 1833 2165 eadem
1870 2122 2113 2184 quoque
2145 2100 2399 2165 facultas
2434 2101 2785 2185 appellandi

537 2229 948 2316 municipibus
1015 2228 1402 2316 Salpensanis
1469 2233 1529 2291 et
1598 2226 2009 2291 MalacitaniS.
2109 2226 2367 2291 Disertis
2430 2227 2629 2291 verbis
2680 2228 2783 2313 jus

537 2358 696 2423 illud
769 2355 1186 2422 intercedendi
1259 2354 1653 2420 constituitur
1716 2359 1779 2417 et
1826 2352 2164 2439 explicatur
2214 2353 2430 2439 Capite
2498 2357 2579 2419 27
2635 2356 2785 2441 legis

538 2482 942 2568 Salpensanae
960 2530 979 2560 ,
1031 2482 1121 2547 ibi
1156 2482 1322 2547 enim
1353 2479 1613 2567 legitur:
1666 2479 1933 2559 „IIviris
1966 2481 2127 2545 inter
2158 2503 2261 2559 se,
2296 2488 2357 2545 et
2390 2504 2527 2547 cum
2562 2482 2784 2568 aliquis

537 2609 894 2676 alterutrum
947 2630 1153 2674 eorum
1205 2615 1312 2674 aut
1359 2615 1685 2694 utrumque
1734 2607 1809 2673 ab
1860 2608 2050 2674 aedile
2100 2608 2399 2676 aedilibus
2448 2618 2556 2676 aut
2604 2635 2787 2698 quae-

543 2745 703 2804 store
774 2735 1192 2823 quaestoribus
1257 2736 1623 2822 appellabit,
1675 2737 1818 2802 item
1897 2737 2197 2802 aedilibus
2254 2738 2414 2804 inter
2463 2763 2562 2819 se,
2637 2741 2785 2807 item

541 2865 960 2952 quaestoribus
1010 2866 1170 2931 inter
1220 2887 1284 2930 se
1331 2865 1747 2930 intercedendi
1798 2901 1889 2915 --
1931 2867 2031 2951 jus
2081 2871 2469 2952 potestasque
2517 2869 2714 2935 est0.”

731 2993 1214 3080 Distinguuntur
1261 2993 1378 3057 hoc
1442 2993 1579 3057 loco
1650 3015 1867 3058 causae
1915 2994 2184 3058 diversae
2196 3018 2216 3072 3
2270 2996 2494 3081 primo,
2548 2998 2782 3064 verbis:

542 3123 802 3204 „IIviris
872 3123 1032 3187 inter
1103 3145 1165 3188 se
1227 3159 1322 3170 ——
1387 3122 1803 3187 intercedendi
1861 3123 1961 3207 jus
2010 3122 2177 3187 esto”
2242 3125 2509 3212 collegae
2557 3127 2786 3208 uviri,

544 3249 922 3337 magistratui
958 3250 1110 3332 pari
1156 3250 1378 3336 igitur,
1423 3251 1525 3335 jus
1574 3250 2023 3324 intercessionis
2070 3251 2390 3332 tribuitur,
2444 3275 2639 3340 neque
2674 3257 2787 3323 hoc

539 3378 676 3444 loco
745 3378 1142 3464 distinguitur
1192 3384 1397 3442 utrum
1462 3379 1864 3444 intercesserit
1928 3379 2214 3444 alteruter
2272 3403 2349 3446 ex
2394 3381 2610 3447 IIviris
2648 3396 2787 3466 post

541 3506 996 3590 appellationem
1046 3529 1122 3570 an
1174 3529 1311 3571 vero
1360 3529 1468 3572 sua
1516 3514 1737 3588 sponte.
1802 3506 2002 3572 Verba
2051 3529 2207 3592 quae
2257 3517 2632 3594 sequuntur:
2682 3525 2791 3592 „et

543 3660 684 3705 cum
730 3637 954 3724 aliquis
993 3636 1351 3702 alterutrum
1386 3660 1595 3703 eorum
1630 3644 1738 3702 aut
1768 3645 2094 3723 utrumque
2128 3637 2201 3704 ab
2234 3639 2458 3717 aedile,
2494 3641 2791 3709 aedilibus

537 3772 646 3832 aut
713 3772 1066 3850 quaestore,
1137 3765 1558 3852 quaestoribus
1623 3764 1989 3851 appellabit”
2086 3765 2301 3831 IIviris
2366 3767 2647 3846 deferunt
2688 3772 2793 3857 jus

538 3891 999 3973 intercedendi,
1051 3915 1238 3980 quum
1289 3893 1589 3959 auxilium
1638 3915 1847 3960 eorum
1894 3894 2255 3980 imploratur
2309 3902 2521 3962 contra
2576 3899 2795 3967 aediles

685 4168 720 4232 ¹)
787 4170 909 4220 Vide
933 4184 1160 4220 saanusr.
1195 4171 1266 4220 De
1295 4169 1422 4236 Omv‘.
1455 4175 1693 4224 Catilinae
1717 4175 1834 4239 Cap.
1865 4176 1911 4224 6.
1950 4175 2131 4234 „Binos
2158 4176 2471 4240 imperatores
2496 4179 2586 4228 sibi
2614 4181 2790 4234 fecere:

538 4271 595 4306 eo
621 4255 767 4306 modo
791 4254 986 4304 minime
1019 4272 1154 4320 posse
1184 4257 1418 4320 putabant
1442 4274 1526 4322 per
1552 4259 1795 4308 licentiam
1834 4259 2119 4308 insolescere
2144 4261 2355 4310 animum
2382 4261 2705 4325 humanum;’'
2735 4271 2797 4322 cf.

543 4343 789 4408 praeterea
826 4340 884 4390 dc
920 4340 1010 4388 hoc
1047 4347 1328 4404 argumento
1365 4343 1673 4392 Lascutana
1709 4345 1757 4392 in
1796 4344 1978 4408 Opere:
2016 4346 2155 4394 Essai
2188 4347 2271 4394 cles
2308 4347 2420 4396 Lois
2458 4346 2603 4398 erim.
2632 4366 2681 4416 p.
2720 4356 2804 4406 40.

688 4426 726 4488 2)
801 4425 916 4476 Vide
952 4437 1279 4488 ctccnonnx,
1311 4429 1372 4478 de
1407 4428 1607 4493 Leqibus
1644 4429 1701 4487 3,
1740 4430 1858 4494 Cap.
1894 4433 1953 4488 3,
1994 4434 2041 4484 4,
