3027 5263
1360 576 1485 640 179

290 771 672 836 venditionem
723 770 1046 852 appellare.
1126 771 1303 834 Errat
1351 772 1574 855 igitur,
1627 773 1688 836 in
1736 797 1804 837 eo
1841 775 1998 858 quod
2043 797 2305 838 normam
2345 779 2538 840 omnis

289 901 581 986 praedum
656 898 1024 963 venditionis
1071 898 1160 962 ibi
1207 901 1542 983 expositam
1593 922 1722 963 esse
1772 910 1981 983 putat,
2052 925 2238 986 quum
2292 904 2538 987 paulum

288 1035 530 1092 tantum
605 1025 679 1090 ad
755 1047 949 1089 veram
1020 1025 1203 1089 huius
1276 1027 1645 1090 venditionis
1697 1029 2006 1092 notionem
2059 1031 2532 1115 cognoscendam

285 1155 463 1220 locus
513 1175 838 1219 CICERONIS
890 1155 1110 1239 prosit3
1161 1150 1235 1218 ex
1284 1155 1387 1219 illo
1439 1177 1634 1218 errore
1681 1157 1800 1239 jam
1855 1159 2287 1240 consequitur,
2343 1160 2536 1221 virum

288 1282 364 1346 cl.
434 1301 741 1346 ΜΟΜΜΒΕΝ
810 1280 1211 1344 venditionem
1258 1281 1585 1366 explicasse
1647 1281 1892 1346 illorum
1965 1282 2251 1367 praedam
2305 1292 2539 1348 tantum

290 1411 398 1495 qni
440 1432 566 1473 sese
598 1408 998 1494 obligaverint
1030 1431 1137 1494 pro
1174 1388 1631 1488 redemptoribus
1666 1431 1896 1488 operum
1921 1412 2286 1490 publicorum
2305 1437 2322 1489 3
2377 1435 2542 1496 prae-

289 1539 397 1601 des
461 1539 617 1602 enim
671 1545 1005 1601 ceterorum
1072 1536 1439 1622 reipublicae
1504 1536 1850 1601 debitorum
1902 1538 2132 1602 ratione
2168 1539 2241 1602 ab
2291 1547 2534 1604 auctore

287 1667 559 1729 indicata
606 1688 681 1728 ne
732 1665 1069 1750 potuissent
1118 1664 1365 1748 quidem
1419 1665 1641 1728 venire.
2432 1645 2437 1650 .

484 1794 909 1857 Venditionem
960 1794 1023 1855 in
1061 1815 1317 1856 vacuum
1354 1815 1550 1856 veram
1587 1792 1882 1857 bonorum
1923 1794 2326 1858 venditionem
2359 1795 2538 1859 fuisse

216 1903 223 1906 .
289 1923 541 1998 statuit,
601 1922 887 2006 illamque
962 1920 1428 1985 condicionibus
1506 1920 1866 2006 quibusdam
1917 1922 2172 2006 emptori
2232 1922 2534 2000 molestie,

288 2075 446 2136 quae
496 2051 555 2113 in
610 2050 958 2113 venditione
1010 2049 1138 2134 lege
1189 2049 1587 2132 praediatoria
1641 2048 1880 2112 additae
1931 2057 2170 2125 essent,
2225 2051 2501 2114 caruisse.

431 2287 487 2335 10
554 2287 961 2350 Improbationem
1018 2302 1205 2335 causam
1258 2286 1527 2348 proximam
1578 2287 1803 2349 praedam
1855 2287 2140 2335 venditionis
2179 2303 2271 2335 non
2310 2304 2412 2336 esse
2447 2289 2529 2338 sed

286 2374 488 2422 alteram
526 2373 712 2420 demum
752 2373 1053 2420 locationem.

430 2457 487 2505 2⁰
551 2457 657 2506 Nou
714 2456 1065 2519 transigebatur
1114 2471 1220 2504 cum
1260 2455 1530 2518 republica;
1588 2471 1730 2518 opere
1768 2472 1792 2503 a
1833 2460 2046 2518 praetore
2084 2456 2354 2520 improbato
2391 2457 2540 2506 altera

284 2548 445 2592 tamen
484 2543 719 2590 locatione
758 2541 965 2588 nondum
1005 2541 1235 2603 perfecta,
1279 2540 1497 2587 Habonio
1536 2541 1614 2602 qui
1650 2540 1696 2587 in
1737 2557 1912 2588 annum
1953 2541 2218 2604 proximum
2247 2543 2540 2593 conduxerat

284 2629 449 2679 aedem
489 2627 721 2684 Castoris,
780 2627 947 2689 cuique
994 2626 1139 2687 igitur
1186 2625 1323 2673 aedes
1372 2630 1475 2673 erat
1512 2625 1766 2683 tradenda,
1825 2631 2006 2675 tutores
2044 2627 2269 2691 pecuniae
2307 2645 2538 2679 summam

287 2715 563 2763 obtulerant
590 2719 641 2759 nt
664 2714 886 2761 damnum
908 2712 976 2759 illi
1004 2712 1336 2769 resarciretur,
1375 2712 1499 2773 quod
1531 2712 1796 2775 perciperet
1832 2728 1885 2759 ex
1908 2729 1962 2759 eo
1987 2714 2111 2775 quod
2137 2714 2346 2777 pupillus
2374 2716 2536 2765 aedem

286 2802 556 2849 tzaditurus
595 2815 685 2845 non
726 2802 867 2853 esset,
911 2798 977 2845 uti
1017 2814 1071 2844 ex
1112 2797 1211 2849 leue
1251 2797 1500 2844 locationis
1540 2798 1816 2844 tradendam
1861 2800 2029 2845 Verres
2076 2799 2301 2847 finxisset.

429 2886 500 2933 Ad
542 2886 716 2933 Illum.
784 2884 896 2931 Loci
936 2889 1186 2930 contextus
1225 2898 1413 2945 prorsus
1452 2882 1663 2931 indicare
1692 2883 1899 2939 videtur,
1929 2884 2180 2931 commoda
2214 2884 2368 2933 Verris
2405 2902 2540 2949 prae·

288 2972 408 3022 toris
444 2977 491 3018 et
530 2970 736 3018 Habonii
775 2969 1085 3032 tedemptoris
1122 2975 1249 3016 arcte
1288 2968 1542 3016 cohaerere
1578 2968 1702 3016 inter
1738 2984 1815 3025 ειη
1852 2984 1956 3016 eum
1997 2974 2188 3033 praetor
2215 2971 2272 3017 ad
2307 2978 2539 3029 sevocat,

288 3072 430 3121 quam
460 3054 661 3103 maxime
686 3057 893 3102 curatut
929 3052 996 3100 ilii
1038 3058 1204 3116 (neque
1242 3052 1345 3107 alin
1386 3052 1454 3101 cf..
1484 3054 1505 3112 §
1553 3053 1660 3101 1481
1689 3068 1806 3116 opus
1837 3053 1954 3101 illud
1993 3055 2038 3101 in
2063 3055 2271 3103 secunda
2303 3056 2541 3105 locatione

287 3142 553 3189 addicatur.
632 3138 812 3202 Quare,
864 3138 951 3185 nisi
1008 3136 1135 3185 illius
1172 3154 1314 3201 opera
1356 3137 1526 3201 pupilli
1563 3140 1759 3201 pecunia
1799 3139 1854 3186 ad
1895 3155 1998 3186 eum
2039 3143 2325 3202 perventura
2383 3141 2540 3189 esset?

286 3213 503 3290 Deniqne
556 3241 711 3272 nonne
749 3225 845 3289 ipse
882 3236 1063 3271 cici-:Ro
1102 3224 1189 3271 hoc
1226 3224 1497 3279 confirmat,
1537 3223 1618 3285 qni
1659 3224 1848 3271 Verrem
1887 3224 2124 3272 dicentem
2163 3226 2305 3273 facit:
2377 3226 2538 3289 „Quid

287 3316 452 3376 ageret
488 3310 648 3373 coepit
685 3309 913 3369 cogitare,
954 3309 990 3354 si
1031 3324 1148 3371 opus
1186 3308 1367 3372 pupillo
1406 3309 1750 3361 redimeretur,
1799 3309 1842 3355 ,η’
1880 3324 1954 3357 tes
1975 3311 2126 3357 abiret
2149 3311 2206 3357 ab
2243 3326 2296 3357 eo
2333 3312 2545 3373 mancipe*

286 3413 419 3462 quem
456 3396 555 3456 ipse
588 3396 899 3456 apposuisset,
934 3394 1022 3438 sibi
1058 3394 1233 3440 nullam
1264 3394 1493 3454 praedam
1532 3392 1674 3442 esse.'’
1714 3395 1844 3452 (vide
1883 3398 1904 3452 §
1951 3395 2073 3453 1413.

430 3479 624 3529 Accedit
658 3479 783 3541 quod
826 3480 871 3525 in
906 3478 1008 3541 lege
1030 3478 1278 3525 locationis
1302 3478 1484 3526 addidit
1515 3479 1707 3525 Verres:
1746 3480 1980 3541 „pecunia
2015 3494 2237 3541 praesens
2265 3480 2532 3530 solvetur.”

284 3566 410 3615 Cui?
452 3564 697 3613 Habonius
734 3564 896 3610 aedem
934 3562 1231 3610 reficiendam
1260 3563 1550 3619 redemerat3
1587 3564 1656 3611 illi
1683 3564 1908 3627 pecuniae
1935 3579 2164 3611 summam
2195 3566 2360 3627 procul
2387 3566 2530 3613 dubio

284 3650 471 3699 solvere
491 3649 754 3713 oportebat.
783 3648 933 3711 Quem
956 3653 1109 3694 autem
1132 3647 1329 3709 quaero?
1361 3648 1632 3710 Respondet
1649 3662 1976 3695 ΖιΜΜΕκΜΑΝε
2001 3648 2319 3711 „populum”
2343 3650 2535 3697 ClcERO

286 3743 448 3785 tamen
503 3734 639 3781 aliter
695 3733 954 3794 responait.
1028 3732 1145 3779 Cum
1204 3732 1540 3795 quaesivissetz
1611 3732 1830 3796 „Quibus
1885 3734 1940 3779 de
1992 3733 2177 3781 bonis.”
2215 3740 2296 3792 (sc.
2329 3735 2529 3797 pecunia

285 3818 553 3879 solvetur)‘1³
625 3817 831 3881 „Ejus-2³
886 3816 979 3873 ait,
1029 3815 1139 3880 „qui
1194 3817 1318 3879 quod
1373 3822 1423 3865 tu
1479 3818 1598 3865 Sest.
1655 3818 1872 3873 560‚000
1929 3818 2117 3874 locasti,
2177 3818 2298 3867 Sest.
2344 3820 2532 3876 80,000

290 3908 567 3955 effecturum
606 3920 654 3951 se
691 3918 790 3951 esse
826 3902 1063 3953 clamavit.
1138 3902 1323 3965 Quibus
1360 3903 1419 3951 de
1458 3903 1626 3951 bouis?
1653 3905 1827 3965 pupilli
1863 3903 1995 3966 cujus
2033 3908 2236 3951 aetatem
2275 3908 2322 3953 et
2358 3906 2526 3954 solitu·

284 3996 475 4051 dinem,
513 3992 695 4041 etiamsi
733 3998 913 4039 tutores
952 4007 1043 4039 non
1084 3996 1265 4047 essent,
1306 3990 1556 4039 defendere
1592 3996 1780 4055 praetor
1818 3991 2032 4040 debuit.'’
2071 3994 2110 4051 (ᾧ
2152 3993 2282 4049 146).

426 4080 493 4127 Re
553 4093 661 4125 vera
710 4092 853 4139 opere
890 4076 1091 4139 quodam
1134 4075 1322 4139 publico
1360 4076 1564 4139 primum
1602 4075 1783 4132 locato,
1843 4092 2026 4124 summa
2065 4075 2314 4124 locationis
2359 4077 2537 4141 populo

282 4170 389 4215 erat
444 4163 695 4218 solvenda;
750 4177 892 4224 opere
948 4176 1057 4208 vero
1107 4161 1397 4223 improbam,
1451 4162 1499 4209 in
1550 4161 1698 4209 altera
1749 4162 1980 4210 locatione
2031 4162 2134 4209 loco
2185 4162 2349 4225 populi
2407 4162 2538 4225 prior

284 4263 512 4313 manceps
564 4246 804 4303 solvebat3
862 4260 1066 4308 quocum
1125 4262 1319 4308 prorsus
1368 4248 1608 4301 convenit,
1654 4246 1780 4309 quod
1819 4262 1962 4309 opera
2007 4247 2194 4310 publiea
2234 4262 2352 4309 quae
2397 4247 2538 4308 vulgo

283 4350 427 4401 quam
475 4333 671 4381 minimo
708 4331 990 4379 locabantur
1028 4334 1141 4379 tnnc
1176 4336 1311 4378 tanto
1350 4332 1502 4379 locata
1541 4338 1668 4378 sunt.

428 4420 583 4475 Haec,
635 4416 835 4481 opinor,
884 4416 1119 4466 sufficient
1178 4422 1226 4464 nt
1282 4423 1508 4481 appareat
1556 4432 1701 4480 quare
1749 4415 1796 4464 iu
1834 4415 2226 4480 interpretatione
2266 4416 2358 4465 viri
2401 4433 2540 4466 cons.

280 4508 601 4559 Zminammx
644 4502 939 4567 aequimzere
978 4518 1068 4548 non
1109 4501 1301 4566 possim.

2125 4596 2255 4661 12*
