3027 5263
1339 592 1464 654 105

273 793 447 850 tusve
485 787 526 870 ¹)
581 784 690 868 qui
729 783 854 867 juri
907 782 1174 847 dicundo
1223 782 1480 866 praeerit
1528 783 1657 867 ejus
1716 784 2035 868 municipii
2082 784 2157 847 ad
2210 807 2389 869 quem
2444 785 2519 850 de

278 934 349 977 ea
395 934 461 976 re
510 912 572 975 in
616 910 718 994 jus
767 908 1002 971 aditum
1053 908 1204 986 erit,
1250 908 1352 991 jus
1403 907 1593 971 dicito
1635 909 1984 993 judiciaque
2034 910 2242 974 dato.”

467 1038 614 1101 Non
681 1044 924 1099 tantum
988 1042 1188 1098 tamen
1240 1036 1376 1097 lites
1441 1056 1700 1118 quarum
1750 1036 2053 1120 objectum
2102 1044 2349 1123 superat
2400 1060 2520 1101 cer·

278 1172 406 1231 tam
455 1188 751 1229 summam
818 1164 1112 1227 detractas
1177 1163 1351 1226 video
1419 1163 1839 1247 jurisdictioni
1892 1166 2263 1245 IIvirorum,
2316 1190 2527 1230 verum

278 1294 462 1358 etiam
513 1314 668 1375 quae
716 1291 967 1354 minoris
1014 1297 1157 1352 sunt
1209 1288 1370 1352 mille
1421 1292 1850 1355 sestertiorum.
1948 1293 2129 1356 Nova
2178 1316 2319 1356 sane
2368 1294 2526 1356 eius·

280 1420 448 1485 modi
498 1418 854 1483 constitutio
903 1426 1030 1492 est,
1105 1438 1302 1500 neque
1351 1424 1553 1479 tamen
1606 1417 1785 1481 verba
1855 1418 2001 1503 legis
2050 1419 2304 1483 dubium
2353 1420 2530 1482 relin-

283 1552 498 1631 quunt.
576 1544 898 1607 Probanda
949 1543 1188 1606 videtur
1237 1543 1580 1626 conjectura
1628 1564 1812 1625 quam
1859 1564 2169 1608 MOMMSEN
2206 1545 2529 1630 proposuit

288 1672 699 1757 cognitionem
751 1692 950 1733 rerum
1000 1669 1242 1732 illarum
1292 1669 1597 1731 minorum
1649 1667 1947 1733 aedilibus
1997 1671 2372 1755 competiisse
2406 1672 2477 1755 ²).

477 1798 672 1879 Quam
725 1798 848 1861 late
889 1803 1093 1882 pateat
1121 1796 1458 1881 jurisdictio
1509 1798 1969 1880 magistratuum
2020 1797 2528 1862 Malacitanorum

283 1948 363 1990 ex
428 1926 543 1988 hoc
617 1947 860 2009 quoque
935 1923 1148 2007 Capite
1215 1930 1481 2007 apparet.
1582 1924 1931 2008 Municipes
1980 1932 2041 1987 et
2091 1924 2322 1989 incolae
2370 1926 2533 1989 enim

285 2074 478 2137 acque
519 2050 927 2135 jurisdictioni
976 2050 1390 2113 contentiosae
1437 2071 1645 2113 eorum
1694 2050 1940 2113 subesse
1989 2050 2314 2129 dicuntur,
2365 2050 2532 2136 quod

285 2180 516 2265 optime
580 2178 864 2242 convenit
934 2198 1071 2240 cum
1137 2177 1271 2260 jure
1329 2177 1605 2239 universo
1654 2177 2038 2263 municipali3
2108 2178 2323 2242 incolis
2370 2179 2534 2242 enim

283 2313 416 2370 erat
462 2305 902 2389 praescriptum
953 2310 1024 2366 ut
1071 2302 1524 2388 magistratibus
1572 2311 1850 2389 parerent
1906 2304 1973 2368 in
2022 2304 2158 2369 loco
2217 2304 2325 2369 ubi
2366 2306 2533 2369 inco·

287 2432 384 2497 lae
433 2439 633 2496 essent
665 2432 738 2515 3).

481 2557 654 2639 Quae
680 2580 860 2643 supra
891 2556 1017 2621 dixi
1044 2556 1116 2621 ad
1141 2557 1617 2642 jurisdictionem
1644 2556 1983 2621 IIvirorum
2002 2558 2309 2644 pertinent
2345 2580 2543 2646 neque

293 2687 472 2774 plura
539 2689 648 2752 hac
713 2688 787 2751 de
851 2710 913 2750 re
979 2694 1153 2750 cauta
1204 2695 1349 2750 sunt
1398 2687 1461 2749 in
1512 2686 1683 2770 lege3
1737 2695 2002 2751 attamen
2052 2688 2372 2752 cohaerent
2420 2689 2539 2752 alia

283 2817 622 2902 quaedam3
665 2815 891 2878 etenim
940 2814 1274 2877 secundum
1323 2814 1629 2898 regulam:
1681 2815 1984 2890 „multam
2020 2816 2071 2879 is
2106 2815 2303 2879 dicere
2338 2821 2542 2901 potest

285 2943 392 3007 cui
455 2941 749 3026 judicatio
797 2941 938 3004 data
1009 2939 1142 3004 est”
1170 2940 1261 3023 4),
1333 2940 1397 3002 in
1446 2939 1580 3024 lege
1644 2939 2015 3004 Malacitana
2063 2943 2291 3006 multae
2342 2942 2537 3006 dictio

279 3069 502 3133 IIviris
567 3090 852 3132 concessa
920 3076 1032 3130 est.
1131 3067 1309 3130 Licet
1356 3068 1612 3130 totidem
1666 3065 1865 3130 verbis
1921 3091 2044 3131 non
2095 3069 2399 3132 tribuatur
2440 3069 2539 3152 jus

283 3195 447 3260 illud
525 3196 772 3271 IIviris,
847 3194 912 3256 in
989 3195 1201 3279 Capite
1259 3201 1462 3257 tamen
1518 3197 1604 3257 66
1655 3194 1808 3280 legis
1857 3194 2259 3260 Malacitanae
2308 3182 2540 3261 mentio

286 3330 380 3388 est
454 3322 635 3385 huius
703 3322 858 3406 juris
923 3321 1045 3384 illis
1117 3322 1354 3385 tributi.
1453 3322 1693 3386 Multae
1767 3323 1951 3386 dictio
2017 3345 2259 3407 quoque
2314 3323 2541 3388 Romae

288 3447 644 3515 consulibus
693 3456 819 3512 erat
868 3449 1162 3533 permissa
1187 3450 1235 3534 5)
1253 3497 1273 3526 ,
1326 3456 1596 3514 attamen
1646 3457 1843 3514 certus
1876 3449 2095 3513 modus
2129 3451 2205 3514 iis
2239 3458 2366 3514 erat
2397 3473 2540 3514 con-

436 3717 470 3781 ¹)
542 3716 773 3765 Praefecti
809 3717 1052 3766 mentione
1089 3731 1183 3765 non
1220 3732 1342 3780 opus
1377 3717 1548 3765 fnisset
1582 3730 1689 3765 cum
1726 3732 1783 3764 ex
1821 3716 1991 3779 Capite
2030 3716 2092 3764 25
2132 3715 2250 3779 legis
2284 3715 2539 3780 Salpensa-

280 3817 379 3852 nae
408 3801 510 3862 jam
546 3809 776 3864 appareat
812 3803 1100 3866 praefectum
1139 3804 1334 3850 omnino
1374 3802 1530 3850 lIviro
1566 3801 1889 3865 aequiparari,
1935 3800 2145 3864 exceptis
2180 3801 2276 3849 illia
2312 3815 2434 3864 quae
2468 3801 2541 3851 ibi

275 3887 571 3936 nominatim
626 3887 884 3934 adduntur.
961 3887 1080 3935 Cum
1138 3887 1202 3934 ibi
1257 3886 1529 3945 iurisdictio
1580 3903 1673 3934 non
1713 3893 1835 3934 esset
1871 3891 2115 3950 exempta,
2151 3901 2227 3934 res
2261 3887 2363 3952 ipsa
2400 3887 2540 3936 docet

280 3972 586 4038 praefectum
621 3972 816 4019 eandem
849 3972 1235 4034 jurisdictionem
1273 3971 1496 4020 habuisse
1532 3987 1586 4019 ac
1620 3971 1849 4021 Ilvirum.

435 4055 475 4113 2)
547 4056 662 4103 Vide
700 4069 950 4104 uouusnx
989 4057 1307 4111 Stadtrechte,
1348 4073 1395 4120 p.
1435 4057 1552 4105 442.

431 4137 470 4200 ³)
543 4139 663 4187 Vide
709 4139 799 4202 leg.
851 4141 917 4190 29
953 4141 1013 4190 D.
1069 4141 1138 4190 ad
1185 4141 1518 4202 municipalem
1557 4141 1713 4202 (50.1)
1765 4142 1815 4190 et
1848 4139 1925 4204 leg
1979 4139 2041 4189 19
2078 4142 2102 4202 ς
2137 4143 2169 4188 4
2205 4140 2265 4190 D.
2300 4140 2361 4188 de
2380 4137 2537 4200 judic.

273 4229 329 4274 et
363 4224 446 4271 ubi
482 4225 585 4286 quis
619 4227 667 4284 (5
692 4225 757 4284 2).

429 4306 473 4371 4)
545 4308 667 4356 Vide
703 4309 796 4370 leg.
836 4308 946 4357 131.
986 4312 1008 4368 5
1047 4310 1072 4358 1
1113 4310 1160 4357 in
1197 4310 1288 4358 fine
1324 4309 1384 4357 D.
1415 4311 1477 4358 de
1524 4309 1651 4357 Verb.
1674 4310 2029 4374 Siqn.(50.16).
2063 4309 2318 4374 Quomodo
2354 4309 2543 4359 differat

275 4395 444 4448 multa
481 4410 508 4442 a
542 4411 694 4459 poena
735 4395 837 4442 susc
873 4396 921 4443 in
955 4395 1042 4443 hac
1079 4395 1181 4459 lege
1217 4396 1483 4459 expositum
1522 4400 1618 4452 est3
1648 4395 1706 4444 cf.
1745 4411 1932 4459 quoque
1955 4396 2048 4461 leg.
2071 4397 2169 4446 244
2189 4397 2248 4445 D.
2269 4395 2417 4446 eimd.
2448 4395 2537 4445 Rb-

429 4479 467 4542 ⁵)
541 4478 658 4528 vide
694 4492 922 4529 sumum
957 4477 1100 4530 Noot.
1137 4483 1241 4530 Διί.
1277 4479 1380 4530 Lib.
1419 4480 1510 4541 11,
1549 4479 1663 4544 Cap
1705 4481 1749 4529 1.
