<?xml version="1.0" encoding="UTF-8"?>
<!DOCTYPE html PUBLIC "-//W3C//DTD XHTML 1.0 Transitional//EN"
    "http://www.w3.org/TR/xhtml1/DTD/xhtml1-transitional.dtd">
<html xmlns="http://www.w3.org/1999/xhtml" xml:lang="en" lang="en">
 <head>
  <title>
</title>
<meta http-equiv="Content-Type" content="text/html;charset=utf-8" />
  <meta name='ocr-system' content='tesseract 3.04.00' />
  <meta name='ocr-capabilities' content='ocr_page ocr_carea ocr_par ocr_line ocrx_word'/>
</head>
<body>
  <div class='ocr_page' id='page_1' title='image "./disquisitiodeae00swingoog_0148.png"; bbox 0 0 3027 5263; ppageno 0'>
   <div class='ocr_carea' id='block_1_1' title="bbox 1624 580 1754 640">
    <p class='ocr_par' dir='ltr' id='par_1_1' title="bbox 1624 580 1754 640">
     <span class='ocr_line' id='line_1_1' title="bbox 1624 580 1754 640; baseline -0.008 0"><span class='ocrx_word' id='word_1_1' title='bbox 1624 580 1754 640; x_wconf 82' lang='lat'>132</span> 
     </span>
    </p>
   </div>
   <div class='ocr_carea' id='block_1_2' title="bbox 553 768 2821 3011">
    <p class='ocr_par' dir='ltr' id='par_1_2' title="bbox 555 768 2821 1239">
     <span class='ocr_line' id='line_1_2' title="bbox 556 768 2821 862; baseline -0.002 -21"><span class='ocrx_word' id='word_1_2' title='bbox 556 782 795 862; x_wconf 88' lang='lat' dir='ltr'>praetor</span> <span class='ocrx_word' id='word_1_3' title='bbox 843 772 1064 859; x_wconf 86' lang='lat' dir='ltr'>accipit</span> <span class='ocrx_word' id='word_1_4' title='bbox 1099 772 1140 856; x_wconf 91' lang='lat'>¹)</span> <span class='ocrx_word' id='word_1_5' title='bbox 1168 820 1188 851; x_wconf 91' lang='lat'>‚</span> <span class='ocrx_word' id='word_1_6' title='bbox 1237 794 1272 835; x_wconf 91' lang='lat' dir='ltr'>a</span> <span class='ocrx_word' id='word_1_7' title='bbox 1299 770 1587 835; x_wconf 89' lang='lat' dir='ltr'>damnato</span> <span class='ocrx_word' id='word_1_8' title='bbox 1615 768 1887 834; x_wconf 89' lang='lat' dir='ltr'>criminis</span> <span class='ocrx_word' id='word_1_9' title='bbox 1912 769 2384 854; x_wconf 88' lang='lat' dir='ltr'>repetundarum</span> <span class='ocrx_word' id='word_1_10' title='bbox 2410 776 2703 856; x_wconf 74' lang='lat' dir='ltr'><strong>quaestor</strong></span> <span class='ocrx_word' id='word_1_11' title='bbox 2728 772 2777 858; x_wconf 73' lang='grc'>2)</span> <span class='ocrx_word' id='word_1_12' title='bbox 2800 798 2821 849; x_wconf 84' lang='lat'><em>3</em></span> 
     </span>
     <span class='ocr_line' id='line_1_3' title="bbox 555 896 2820 990; baseline -0.002 -22"><span class='ocrx_word' id='word_1_13' title='bbox 555 903 803 990; x_wconf 89' lang='lat' dir='ltr'>praedes</span> <span class='ocrx_word' id='word_1_14' title='bbox 874 899 1338 986; x_wconf 84' lang='lat' dir='ltr'><strong>publicanorum</strong></span> <span class='ocrx_word' id='word_1_15' title='bbox 1410 897 1623 984; x_wconf 90' lang='lat' dir='ltr'>procul</span> <span class='ocrx_word' id='word_1_16' title='bbox 1696 896 1889 962; x_wconf 89' lang='lat' dir='ltr'>dubio</span> <span class='ocrx_word' id='word_1_17' title='bbox 1965 920 2214 977; x_wconf 85' lang='lat' dir='ltr'>censor,</span> <span class='ocrx_word' id='word_1_18' title='bbox 2286 899 2397 984; x_wconf 91' lang='lat' dir='ltr'>qui</span> <span class='ocrx_word' id='word_1_19' title='bbox 2469 899 2820 965; x_wconf 89' lang='lat' dir='ltr'>locationes</span> 
     </span>
     <span class='ocr_line' id='line_1_4' title="bbox 559 1024 2820 1115; baseline -0.001 -21"><span class='ocrx_word' id='word_1_20' title='bbox 559 1036 795 1115; x_wconf 80' lang='lat' dir='ltr'><strong>egerat,</strong></span> <span class='ocrx_word' id='word_1_21' title='bbox 868 1026 1223 1113; x_wconf 78' lang='lat' dir='ltr'>accipiebat.</span> <span class='ocrx_word' id='word_1_22' title='bbox 1322 1026 1619 1111; x_wconf 83' lang='lat' dir='ltr'>Tempore</span> <span class='ocrx_word' id='word_1_23' title='bbox 1668 1024 1992 1089; x_wconf 83' lang='lat' dir='ltr'><strong>Caesarum</strong></span> <span class='ocrx_word' id='word_1_24' title='bbox 2042 1026 2358 1111; x_wconf 86' lang='lat' dir='ltr'>praefectis</span> <span class='ocrx_word' id='word_1_25' title='bbox 2408 1028 2645 1093; x_wconf 85' lang='lat' dir='ltr'>aerario</span> <span class='ocrx_word' id='word_1_26' title='bbox 2698 1026 2820 1092; x_wconf 91' lang='lat' dir='ltr'>hoc</span> 
     </span>
     <span class='ocr_line' id='line_1_5' title="bbox 559 1152 2262 1239; baseline -0.002 -17"><span class='ocrx_word' id='word_1_27' title='bbox 559 1156 915 1221; x_wconf 89' lang='lat' dir='ltr'>mandatum</span> <span class='ocrx_word' id='word_1_28' title='bbox 961 1154 1141 1218; x_wconf 88' lang='lat' dir='ltr'>fuisse</span> <span class='ocrx_word' id='word_1_29' title='bbox 1191 1176 1266 1218; x_wconf 85' lang='lat' dir='ltr'>ex</span> <span class='ocrx_word' id='word_1_30' title='bbox 1310 1154 1447 1239; x_wconf 87' lang='lat' dir='ltr'>lege</span> <span class='ocrx_word' id='word_1_31' title='bbox 1497 1152 1865 1217; x_wconf 87' lang='lat' dir='ltr'>Malacitana</span> <span class='ocrx_word' id='word_1_32' title='bbox 1914 1160 2163 1238; x_wconf 89' lang='lat' dir='ltr'>apparet</span> <span class='ocrx_word' id='word_1_33' title='bbox 2194 1153 2262 1239; x_wconf 90' lang='lat'>³).</span> 
     </span>
    </p>

    <p class='ocr_par' dir='ltr' id='par_1_3' title="bbox 553 1278 2818 2250">
     <span class='ocr_line' id='line_1_6' title="bbox 749 1278 2818 1365; baseline -0.001 -19"><span class='ocrx_word' id='word_1_34' title='bbox 749 1282 828 1346; x_wconf 93' lang='lat' dir='ltr'>In</span> <span class='ocrx_word' id='word_1_35' title='bbox 879 1280 1226 1365; x_wconf 88' lang='lat' dir='ltr'>municipiis</span> <span class='ocrx_word' id='word_1_36' title='bbox 1242 1330 1262 1359; x_wconf 93' lang='lat'><em>,</em></span> <span class='ocrx_word' id='word_1_37' title='bbox 1312 1285 1469 1343; x_wconf 90' lang='lat' dir='ltr'>teste</span> <span class='ocrx_word' id='word_1_38' title='bbox 1518 1278 1653 1363; x_wconf 89' lang='lat' dir='ltr'>lege</span> <span class='ocrx_word' id='word_1_39' title='bbox 1699 1278 2070 1357; x_wconf 89' lang='lat' dir='ltr'>Puteolana,</span> <span class='ocrx_word' id='word_1_40' title='bbox 2118 1278 2306 1343; x_wconf 90' lang='lat' dir='ltr'>IIviri</span> <span class='ocrx_word' id='word_1_41' title='bbox 2355 1278 2609 1364; x_wconf 87' lang='lat' dir='ltr'>praedes</span> <span class='ocrx_word' id='word_1_42' title='bbox 2662 1279 2818 1344; x_wconf 87' lang='lat' dir='ltr'>acci-</span> 
     </span>
     <span class='ocr_line' id='line_1_7' title="bbox 558 1405 2809 1494; baseline -0 -23"><span class='ocrx_word' id='word_1_43' title='bbox 558 1410 758 1494; x_wconf 87' lang='lat' dir='ltr'>piunt.</span> <span class='ocrx_word' id='word_1_44' title='bbox 823 1407 906 1470; x_wconf 87' lang='lat' dir='ltr'>Et</span> <span class='ocrx_word' id='word_1_45' title='bbox 953 1406 1004 1469; x_wconf 88' lang='lat' dir='ltr'>si</span> <span class='ocrx_word' id='word_1_46' title='bbox 1051 1429 1177 1470; x_wconf 89' lang='lat' dir='ltr'>non</span> <span class='ocrx_word' id='word_1_47' title='bbox 1235 1406 1378 1469; x_wconf 88' lang='lat' dir='ltr'>satis</span> <span class='ocrx_word' id='word_1_48' title='bbox 1429 1411 1674 1470; x_wconf 87' lang='lat' dir='ltr'>cautum</span> <span class='ocrx_word' id='word_1_49' title='bbox 1726 1406 2104 1491; x_wconf 88' lang='lat' dir='ltr'>magistratui</span> <span class='ocrx_word' id='word_1_50' title='bbox 2139 1406 2414 1470; x_wconf 90' lang='lat' dir='ltr'>videatur</span> <span class='ocrx_word' id='word_1_51' title='bbox 2444 1405 2777 1490; x_wconf 87' lang='lat' dir='ltr'>praedibus</span> <span class='ocrx_word' id='word_1_52' title='bbox 2790 1454 2809 1484; x_wconf 92' lang='lat'><em>,</em></span> 
     </span>
     <span class='ocr_line' id='line_1_8' title="bbox 556 1531 2813 1620; baseline -0.001 -21"><span class='ocrx_word' id='word_1_53' title='bbox 556 1534 802 1620; x_wconf 88' lang='lat' dir='ltr'>praedia</span> <span class='ocrx_word' id='word_1_54' title='bbox 874 1555 1118 1617; x_wconf 88' lang='lat' dir='ltr'>quoque</span> <span class='ocrx_word' id='word_1_55' title='bbox 1183 1532 1525 1617; x_wconf 78' lang='lat' dir='ltr'>subsignari</span> <span class='ocrx_word' id='word_1_56' title='bbox 1568 1531 1780 1617; x_wconf 85' lang='lat' dir='ltr'>jubet:</span> <span class='ocrx_word' id='word_1_57' title='bbox 1832 1532 1979 1597; x_wconf 92' lang='lat' dir='ltr'>item</span> <span class='ocrx_word' id='word_1_58' title='bbox 2030 1532 2376 1618; x_wconf 83' lang='lat' dir='ltr'>cognitores</span> <span class='ocrx_word' id='word_1_59' title='bbox 2424 1532 2813 1617; x_wconf 89' lang='lat' dir='ltr'>praediorum</span> 
     </span>
     <span class='ocr_line' id='line_1_9' title="bbox 558 1658 2809 1747; baseline -0 -22"><span class='ocrx_word' id='word_1_60' title='bbox 558 1661 778 1747; x_wconf 88' lang='lat' dir='ltr'>accipit</span> <span class='ocrx_word' id='word_1_61' title='bbox 826 1659 990 1724; x_wconf 84' lang='lat' dir='ltr'>IIvir</span> <span class='ocrx_word' id='word_1_62' title='bbox 1037 1681 1146 1723; x_wconf 88' lang='lat' dir='ltr'>suo</span> <span class='ocrx_word' id='word_1_63' title='bbox 1196 1659 1492 1724; x_wconf 87' lang='lat' dir='ltr'>arbitratu</span> <span class='ocrx_word' id='word_1_64' title='bbox 1523 1659 1569 1744; x_wconf 75' lang='lat'>4)</span> <span class='ocrx_word' id='word_1_65' title='bbox 1592 1684 1610 1736; x_wconf 82' lang='lat'><em>3</em></span> <span class='ocrx_word' id='word_1_66' title='bbox 1662 1680 1873 1723; x_wconf 89' lang='lat' dir='ltr'>curare</span> <span class='ocrx_word' id='word_1_67' title='bbox 1922 1658 2102 1723; x_wconf 89' lang='lat' dir='ltr'>debet</span> <span class='ocrx_word' id='word_1_68' title='bbox 2148 1658 2309 1723; x_wconf 87' lang='lat' dir='ltr'>IIvir</span> <span class='ocrx_word' id='word_1_69' title='bbox 2358 1664 2429 1721; x_wconf 91' lang='lat' dir='ltr'>ut</span> <span class='ocrx_word' id='word_1_70' title='bbox 2463 1658 2667 1723; x_wconf 90' lang='lat' dir='ltr'>omnia</span> <span class='ocrx_word' id='word_1_71' title='bbox 2700 1658 2809 1724; x_wconf 89' lang='lat' dir='ltr'>illa</span> 
     </span>
     <span class='ocr_line' id='line_1_10' title="bbox 553 1783 2809 1869; baseline -0.001 -19"><span class='ocrx_word' id='word_1_72' title='bbox 553 1788 623 1851; x_wconf 90' lang='lat' dir='ltr'>in</span> <span class='ocrx_word' id='word_1_73' title='bbox 669 1785 908 1849; x_wconf 87' lang='lat' dir='ltr'>tabulas</span> <span class='ocrx_word' id='word_1_74' title='bbox 955 1783 1232 1868; x_wconf 90' lang='lat' dir='ltr'>publicas</span> <span class='ocrx_word' id='word_1_75' title='bbox 1282 1785 1633 1849; x_wconf 82' lang='lat' dir='ltr'>referantur.</span> <span class='ocrx_word' id='word_1_76' title='bbox 1691 1784 1853 1849; x_wconf 90' lang='lat' dir='ltr'>Item</span> <span class='ocrx_word' id='word_1_77' title='bbox 1902 1784 2088 1848; x_wconf 90' lang='lat' dir='ltr'>IIviri</span> <span class='ocrx_word' id='word_1_78' title='bbox 2134 1786 2200 1849; x_wconf 91' lang='lat' dir='ltr'>in</span> <span class='ocrx_word' id='word_1_79' title='bbox 2251 1783 2467 1869; x_wconf 79' lang='lat' dir='ltr'>Capite</span> <span class='ocrx_word' id='word_1_80' title='bbox 2518 1787 2605 1849; x_wconf 89' lang='grc'>66</span> <span class='ocrx_word' id='word_1_81' title='bbox 2655 1783 2809 1869; x_wconf 85' lang='lat' dir='ltr'>legis</span> 
     </span>
     <span class='ocr_line' id='line_1_11' title="bbox 555 1909 2805 1995; baseline -0.001 -21"><span class='ocrx_word' id='word_1_82' title='bbox 555 1911 709 1975; x_wconf 84' lang='lat' dir='ltr'>Mal.</span> <span class='ocrx_word' id='word_1_83' title='bbox 761 1909 982 1973; x_wconf 89' lang='lat' dir='ltr'>multas</span> <span class='ocrx_word' id='word_1_84' title='bbox 1031 1931 1179 1993; x_wconf 89' lang='lat' dir='ltr'>quas</span> <span class='ocrx_word' id='word_1_85' title='bbox 1227 1909 1350 1993; x_wconf 91' lang='lat' dir='ltr'>ipsi</span> <span class='ocrx_word' id='word_1_86' title='bbox 1399 1910 1524 1974; x_wconf 89' lang='lat' dir='ltr'>sive</span> <span class='ocrx_word' id='word_1_87' title='bbox 1573 1910 1796 1974; x_wconf 78' lang='lat' dir='ltr'>aediles</span> <span class='ocrx_word' id='word_1_88' title='bbox 1846 1910 2111 1975; x_wconf 83' lang='lat' dir='ltr'>dixerint</span> <span class='ocrx_word' id='word_1_89' title='bbox 2160 1910 2225 1973; x_wconf 90' lang='lat' dir='ltr'>in</span> <span class='ocrx_word' id='word_1_90' title='bbox 2259 1909 2497 1974; x_wconf 84' lang='lat' dir='ltr'>tabulas</span> <span class='ocrx_word' id='word_1_91' title='bbox 2531 1909 2805 1995; x_wconf 87' lang='lat' dir='ltr'>publicas</span> 
     </span>
     <span class='ocr_line' id='line_1_12' title="bbox 557 2036 2805 2121; baseline -0 -20"><span class='ocrx_word' id='word_1_92' title='bbox 557 2036 762 2101; x_wconf 84' lang='lat' dir='ltr'>referri</span> <span class='ocrx_word' id='word_1_93' title='bbox 827 2036 1070 2120; x_wconf 87' lang='lat' dir='ltr'>jubent.</span> <span class='ocrx_word' id='word_1_94' title='bbox 1167 2036 1310 2121; x_wconf 90' lang='lat' dir='ltr'>Ipse</span> <span class='ocrx_word' id='word_1_95' title='bbox 1381 2036 1682 2101; x_wconf 84' lang='lat' dir='ltr'>referendi</span> <span class='ocrx_word' id='word_1_96' title='bbox 1754 2043 1927 2103; x_wconf 89' lang='lat' dir='ltr'>actus</span> <span class='ocrx_word' id='word_1_97' title='bbox 1977 2036 2043 2101; x_wconf 90' lang='lat' dir='ltr'>in</span> <span class='ocrx_word' id='word_1_98' title='bbox 2094 2044 2350 2121; x_wconf 92' lang='lat' dir='ltr'>utraque</span> <span class='ocrx_word' id='word_1_99' title='bbox 2399 2058 2580 2102; x_wconf 91' lang='lat' dir='ltr'>causa</span> <span class='ocrx_word' id='word_1_100' title='bbox 2604 2037 2654 2121; x_wconf 83' lang='lat'>⁵)</span> <span class='ocrx_word' id='word_1_101' title='bbox 2704 2036 2805 2101; x_wconf 86' lang='lat' dir='ltr'>alii</span> 
     </span>
     <span class='ocr_line' id='line_1_13' title="bbox 560 2150 1387 2250; baseline -0.006 -20"><span class='ocrx_word' id='word_1_102' title='bbox 560 2164 939 2250; x_wconf 87' lang='lat' dir='ltr'>magistratui</span> <span class='ocrx_word' id='word_1_103' title='bbox 989 2162 1308 2227; x_wconf 78' lang='lat' dir='ltr'>incumbit.</span> <span class='ocrx_word' id='word_1_104' title='bbox 1383 2150 1387 2155; x_wconf 40' lang='lat'><strong>⁴</strong></span> 
     </span>
    </p>

    <p class='ocr_par' dir='ltr' id='par_1_4' title="bbox 556 2289 2800 3011">
     <span class='ocr_line' id='line_1_14' title="bbox 747 2289 2800 2370; baseline 0 -15"><span class='ocrx_word' id='word_1_105' title='bbox 747 2291 938 2355; x_wconf 84' lang='lat' dir='ltr'>Plane</span> <span class='ocrx_word' id='word_1_106' title='bbox 987 2289 1250 2355; x_wconf 90' lang='lat' dir='ltr'>liberum</span> <span class='ocrx_word' id='word_1_107' title='bbox 1299 2295 1458 2369; x_wconf 91' lang='lat' dir='ltr'>erat,</span> <span class='ocrx_word' id='word_1_108' title='bbox 1512 2290 1607 2355; x_wconf 92' lang='lat' dir='ltr'>uti</span> <span class='ocrx_word' id='word_1_109' title='bbox 1658 2291 1832 2356; x_wconf 90' lang='lat' dir='ltr'>docet</span> <span class='ocrx_word' id='word_1_110' title='bbox 1879 2290 1979 2355; x_wconf 86' lang='lat' dir='ltr'>lex</span> <span class='ocrx_word' id='word_1_111' title='bbox 2025 2290 2435 2370; x_wconf 89' lang='lat' dir='ltr'>Malacitana,</span> <span class='ocrx_word' id='word_1_112' title='bbox 2487 2289 2800 2355; x_wconf 83' lang='lat' dir='ltr'>arbitrium</span> 
     </span>
     <span class='ocr_line' id='line_1_15' title="bbox 559 2417 2800 2503; baseline -0.001 -21"><span class='ocrx_word' id='word_1_113' title='bbox 559 2418 742 2483; x_wconf 87' lang='lat' dir='ltr'>IIviri</span> <span class='ocrx_word' id='word_1_114' title='bbox 815 2418 878 2480; x_wconf 92' lang='lat' dir='ltr'>in</span> <span class='ocrx_word' id='word_1_115' title='bbox 951 2417 1252 2481; x_wconf 88' lang='lat' dir='ltr'>locatione</span> <span class='ocrx_word' id='word_1_116' title='bbox 1315 2417 1715 2502; x_wconf 87' lang='lat' dir='ltr'>perficienda,</span> <span class='ocrx_word' id='word_1_117' title='bbox 1766 2418 1835 2481; x_wconf 89' lang='lat' dir='ltr'>in</span> <span class='ocrx_word' id='word_1_118' title='bbox 1886 2418 2123 2503; x_wconf 84' lang='lat' dir='ltr'>legibus</span> <span class='ocrx_word' id='word_1_119' title='bbox 2170 2417 2265 2482; x_wconf 89' lang='lat' dir='ltr'>illi</span> <span class='ocrx_word' id='word_1_120' title='bbox 2316 2417 2585 2483; x_wconf 81' lang='lat' dir='ltr'>dicendis</span> <span class='ocrx_word' id='word_1_121' title='bbox 2630 2422 2691 2481; x_wconf 86' lang='lat' dir='ltr'>et</span> <span class='ocrx_word' id='word_1_122' title='bbox 2734 2417 2800 2480; x_wconf 91' lang='lat' dir='ltr'>in</span> 
     </span>
     <span class='ocr_line' id='line_1_16' title="bbox 556 2543 2799 2630; baseline 0 -22"><span class='ocrx_word' id='word_1_123' title='bbox 556 2543 880 2630; x_wconf 86' lang='lat' dir='ltr'>praedibus</span> <span class='ocrx_word' id='word_1_124' title='bbox 937 2544 1324 2629; x_wconf 86' lang='lat' dir='ltr'>praediisque</span> <span class='ocrx_word' id='word_1_125' title='bbox 1375 2550 1436 2609; x_wconf 90' lang='lat' dir='ltr'>et</span> <span class='ocrx_word' id='word_1_126' title='bbox 1484 2543 1904 2629; x_wconf 81' lang='lat' dir='ltr'>cognitoribus</span> <span class='ocrx_word' id='word_1_127' title='bbox 1954 2544 2325 2630; x_wconf 86' lang='lat' dir='ltr'>accipiendis</span> <span class='ocrx_word' id='word_1_128' title='bbox 2351 2544 2420 2630; x_wconf 80' lang='lat'>⁶).</span> <span class='ocrx_word' id='word_1_129' title='bbox 2518 2544 2799 2615; x_wconf 81' lang='lat' dir='ltr'>Fortasse</span> 
     </span>
     <span class='ocr_line' id='line_1_17' title="bbox 557 2671 2797 2757; baseline -0.001 -21"><span class='ocrx_word' id='word_1_130' title='bbox 557 2694 634 2736; x_wconf 90' lang='lat' dir='ltr'>ne</span> <span class='ocrx_word' id='word_1_131' title='bbox 684 2671 1032 2736; x_wconf 84' lang='lat' dir='ltr'>abuteretur</span> <span class='ocrx_word' id='word_1_132' title='bbox 1081 2693 1192 2735; x_wconf 87' lang='lat' dir='ltr'>sua</span> <span class='ocrx_word' id='word_1_133' title='bbox 1237 2677 1574 2756; x_wconf 86' lang='lat' dir='ltr'>potestate,</span> <span class='ocrx_word' id='word_1_134' title='bbox 1624 2671 1785 2736; x_wconf 87' lang='lat' dir='ltr'>IIvir</span> <span class='ocrx_word' id='word_1_135' title='bbox 1826 2671 2073 2757; x_wconf 85' lang='lat' dir='ltr'>jubetur</span> <span class='ocrx_word' id='word_1_136' title='bbox 2104 2672 2309 2735; x_wconf 89' lang='lat' dir='ltr'>omnia</span> <span class='ocrx_word' id='word_1_137' title='bbox 2332 2671 2436 2735; x_wconf 90' lang='lat' dir='ltr'>illa</span> <span class='ocrx_word' id='word_1_138' title='bbox 2466 2693 2797 2757; x_wconf 88' lang='lat' dir='ltr'>proponere</span> 
     </span>
     <span class='ocr_line' id='line_1_18' title="bbox 557 2797 2796 2885; baseline 0 -23"><span class='ocrx_word' id='word_1_139' title='bbox 557 2820 666 2882; x_wconf 91' lang='lat' dir='ltr'>per</span> <span class='ocrx_word' id='word_1_140' title='bbox 712 2798 1015 2883; x_wconf 88' lang='lat' dir='ltr'>reliquum</span> <span class='ocrx_word' id='word_1_141' title='bbox 1064 2804 1304 2883; x_wconf 91' lang='lat' dir='ltr'>tempus</span> <span class='ocrx_word' id='word_1_142' title='bbox 1337 2799 1624 2876; x_wconf 84' lang='lat' dir='ltr'>honoris,</span> <span class='ocrx_word' id='word_1_143' title='bbox 1676 2798 1763 2863; x_wconf 91' lang='lat' dir='ltr'>ita</span> <span class='ocrx_word' id='word_1_144' title='bbox 1814 2804 1885 2864; x_wconf 87' lang='lat' dir='ltr'>ut</span> <span class='ocrx_word' id='word_1_145' title='bbox 1932 2799 2009 2863; x_wconf 91' lang='lat' dir='ltr'>de</span> <span class='ocrx_word' id='word_1_146' title='bbox 2055 2798 2236 2885; x_wconf 91' lang='lat' dir='ltr'>plano</span> <span class='ocrx_word' id='word_1_147' title='bbox 2283 2802 2445 2863; x_wconf 87' lang='lat' dir='ltr'>recte</span> <span class='ocrx_word' id='word_1_148' title='bbox 2492 2797 2616 2883; x_wconf 89' lang='lat' dir='ltr'>legi</span> <span class='ocrx_word' id='word_1_149' title='bbox 2662 2818 2796 2884; x_wconf 90' lang='lat' dir='ltr'>pos-</span> 
     </span>
     <span class='ocr_line' id='line_1_19' title="bbox 559 2924 2797 3011; baseline 0 -23"><span class='ocrx_word' id='word_1_150' title='bbox 559 2924 682 2990; x_wconf 89' lang='lat' dir='ltr'>sint</span> <span class='ocrx_word' id='word_1_151' title='bbox 699 2950 718 3003; x_wconf 85' lang='lat'>3</span> <span class='ocrx_word' id='word_1_152' title='bbox 794 2925 1061 2991; x_wconf 87' lang='lat' dir='ltr'>cuiusvis</span> <span class='ocrx_word' id='word_1_153' title='bbox 1133 2925 1298 2990; x_wconf 92' lang='lat' dir='ltr'>enim</span> <span class='ocrx_word' id='word_1_154' title='bbox 1371 2925 1700 3011; x_wconf 90' lang='lat' dir='ltr'>municipis</span> <span class='ocrx_word' id='word_1_155' title='bbox 1772 2925 2061 2992; x_wconf 86' lang='lat' dir='ltr'>intererat</span> <span class='ocrx_word' id='word_1_156' title='bbox 2129 2931 2291 2992; x_wconf 89' lang='lat' dir='ltr'>recte</span> <span class='ocrx_word' id='word_1_157' title='bbox 2356 2948 2425 2990; x_wconf 88' lang='lat' dir='ltr'>ac</span> <span class='ocrx_word' id='word_1_158' title='bbox 2473 2924 2797 3011; x_wconf 88' lang='lat' dir='ltr'>prudenter</span> 
     </span>
    </p>
   </div>
   <div class='ocr_carea' id='block_1_3' title="bbox 559 3147 963 3155">
    <p class='ocr_par' dir='ltr' id='par_1_5' title="bbox 559 3147 963 3155">
     <span class='ocr_line' id='line_1_20' title="bbox 559 3147 963 3155; baseline 0 0"><span class='ocrx_word' id='word_1_159' title='bbox 559 3147 963 3155; x_wconf 95' lang='lat' dir='ltr'> </span> 
     </span>
    </p>
   </div>
   <div class='ocr_carea' id='block_1_4' title="bbox 532 3286 2796 4360">
    <p class='ocr_par' dir='ltr' id='par_1_6' title="bbox 699 3286 1725 3350">
     <span class='ocr_line' id='line_1_21' title="bbox 699 3286 1725 3350; baseline 0.005 -16"><span class='ocrx_word' id='word_1_160' title='bbox 699 3288 734 3348; x_wconf 87' lang='lat'>¹)</span> <span class='ocrx_word' id='word_1_161' title='bbox 806 3286 924 3335; x_wconf 84' lang='lat' dir='ltr'>Vide</span> <span class='ocrx_word' id='word_1_162' title='bbox 960 3300 1148 3346; x_wconf 67' lang='lat' dir='ltr'>aarum,</span> <span class='ocrx_word' id='word_1_163' title='bbox 1185 3290 1308 3340; x_wconf 75' lang='lat' dir='ltr'>Inst.</span> <span class='ocrx_word' id='word_1_164' title='bbox 1343 3288 1448 3338; x_wconf 85' lang='lat' dir='ltr'>Lib.</span> <span class='ocrx_word' id='word_1_165' title='bbox 1487 3292 1547 3348; x_wconf 82' lang='lat'>4,</span> <span class='ocrx_word' id='word_1_166' title='bbox 1584 3292 1607 3350; x_wconf 69' lang='grc' dir='ltr'><strong>ς</strong></span> <span class='ocrx_word' id='word_1_167' title='bbox 1646 3291 1725 3339; x_wconf 82' lang='lat'>13.</span> 
     </span>
    </p>

    <p class='ocr_par' dir='ltr' id='par_1_7' title="bbox 690 3369 1624 3435">
     <span class='ocr_line' id='line_1_22' title="bbox 690 3369 1624 3435; baseline 0.01 -20"><span class='ocrx_word' id='word_1_168' title='bbox 690 3371 730 3432; x_wconf 83' lang='lat'>2)</span> <span class='ocrx_word' id='word_1_169' title='bbox 801 3369 920 3418; x_wconf 86' lang='lat' dir='ltr'>Vide</span> <span class='ocrx_word' id='word_1_170' title='bbox 954 3371 1041 3435; x_wconf 72' lang='lat' dir='ltr'>leq.</span> <span class='ocrx_word' id='word_1_171' title='bbox 1077 3371 1280 3420; x_wconf 76' lang='lat' dir='ltr'>Aciliam</span> <span class='ocrx_word' id='word_1_172' title='bbox 1315 3377 1456 3435; x_wconf 76' lang='lat' dir='ltr'>caput</span> <span class='ocrx_word' id='word_1_173' title='bbox 1489 3374 1624 3424; x_wconf 77' lang='lat' dir='ltr'>laud.</span> 
     </span>
    </p>

    <p class='ocr_par' dir='ltr' id='par_1_8' title="bbox 685 3452 1452 3520">
     <span class='ocr_line' id='line_1_23' title="bbox 685 3452 1452 3520; baseline 0.008 -19"><span class='ocrx_word' id='word_1_174' title='bbox 685 3453 726 3516; x_wconf 79' lang='lat'>³)</span> <span class='ocrx_word' id='word_1_175' title='bbox 793 3452 867 3504; x_wconf 85' lang='lat' dir='ltr'>cf.</span> <span class='ocrx_word' id='word_1_176' title='bbox 900 3455 1018 3517; x_wconf 72' lang='lat' dir='ltr'>leqis</span> <span class='ocrx_word' id='word_1_177' title='bbox 1051 3455 1177 3504; x_wconf 77' lang='lat' dir='ltr'>Mae.</span> <span class='ocrx_word' id='word_1_178' title='bbox 1213 3455 1328 3520; x_wconf 87' lang='lat' dir='ltr'>Cap.</span> <span class='ocrx_word' id='word_1_179' title='bbox 1366 3457 1452 3508; x_wconf 83' lang='lat'>64.</span> 
     </span>
    </p>

    <p class='ocr_par' dir='ltr' id='par_1_9' title="bbox 681 3536 1857 3604">
     <span class='ocr_line' id='line_1_24' title="bbox 681 3536 1857 3604; baseline 0.002 -16"><span class='ocrx_word' id='word_1_180' title='bbox 681 3536 724 3598; x_wconf 81' lang='lat'>4)</span> <span class='ocrx_word' id='word_1_181' title='bbox 794 3537 912 3588; x_wconf 84' lang='lat' dir='ltr'>Vide</span> <span class='ocrx_word' id='word_1_182' title='bbox 948 3538 1067 3602; x_wconf 85' lang='lat' dir='ltr'>Cap.</span> <span class='ocrx_word' id='word_1_183' title='bbox 1103 3538 1192 3595; x_wconf 86' lang='grc'>60,</span> <span class='ocrx_word' id='word_1_184' title='bbox 1232 3539 1321 3598; x_wconf 83' lang='grc'>63,</span> <span class='ocrx_word' id='word_1_185' title='bbox 1357 3541 1476 3604; x_wconf 72' lang='lat' dir='ltr'>leqis</span> <span class='ocrx_word' id='word_1_186' title='bbox 1512 3540 1857 3590; x_wconf 68' lang='lat' dir='ltr'>Malao-itunae.</span> 
     </span>
    </p>

    <p class='ocr_par' dir='ltr' id='par_1_10' title="bbox 540 3621 2796 3840">
     <span class='ocr_line' id='line_1_25' title="bbox 688 3621 2796 3689; baseline 0.001 -19"><span class='ocrx_word' id='word_1_187' title='bbox 688 3621 729 3681; x_wconf 69' lang='grc' dir='ltr'>ι5)</span> <span class='ocrx_word' id='word_1_188' title='bbox 796 3622 1053 3688; x_wconf 75' lang='lat' dir='ltr'>Pei-peram</span> <span class='ocrx_word' id='word_1_189' title='bbox 1089 3636 1340 3673; x_wconf 65' lang='lat' dir='ltr'>nonnam</span> <span class='ocrx_word' id='word_1_190' title='bbox 1376 3626 1678 3674; x_wconf 73' lang='lat' dir='ltr'>Stadtrechte</span> <span class='ocrx_word' id='word_1_191' title='bbox 1711 3641 1761 3689; x_wconf 89' lang='lat' dir='ltr'>p.</span> <span class='ocrx_word' id='word_1_192' title='bbox 1798 3624 1895 3673; x_wconf 82' lang='lat'>443</span> <span class='ocrx_word' id='word_1_193' title='bbox 1914 3661 1929 3682; x_wconf 90' lang='lat'><strong>,</strong></span> <span class='ocrx_word' id='word_1_194' title='bbox 1963 3626 2012 3673; x_wconf 90' lang='lat' dir='ltr'>et</span> <span class='ocrx_word' id='word_1_195' title='bbox 2035 3637 2313 3675; x_wconf 70' lang='lat' dir='ltr'>nlaunuao</span> <span class='ocrx_word' id='word_1_196' title='bbox 2330 3625 2382 3675; x_wconf 86' lang='lat' dir='ltr'>in</span> <span class='ocrx_word' id='word_1_197' title='bbox 2406 3625 2796 3675; x_wconf 67' lang='lat' dir='ltr'>Conmentdaud.</span> 
     </span>
     <span class='ocr_line' id='line_1_26' title="bbox 542 3706 2783 3774; baseline 0 -18"><span class='ocrx_word' id='word_1_198' title='bbox 542 3720 590 3770; x_wconf 84' lang='lat' dir='ltr'>p.</span> <span class='ocrx_word' id='word_1_199' title='bbox 627 3707 706 3754; x_wconf 83' lang='lat'>85.</span> <span class='ocrx_word' id='word_1_200' title='bbox 745 3707 1042 3756; x_wconf 88' lang='lat' dir='ltr'>contendunt</span> <span class='ocrx_word' id='word_1_201' title='bbox 1076 3706 1357 3756; x_wconf 83' lang='lat' dir='ltr'>relationem</span> <span class='ocrx_word' id='word_1_202' title='bbox 1391 3708 1450 3756; x_wconf 89' lang='lat' dir='ltr'>de</span> <span class='ocrx_word' id='word_1_203' title='bbox 1484 3707 1650 3758; x_wconf 87' lang='lat' dir='ltr'>multis</span> <span class='ocrx_word' id='word_1_204' title='bbox 1685 3709 1783 3772; x_wconf 86' lang='lat' dir='ltr'>ipsi</span> <span class='ocrx_word' id='word_1_205' title='bbox 1818 3707 1977 3758; x_wconf 82' lang='lat' dir='ltr'>IIviro</span> <span class='ocrx_word' id='word_1_206' title='bbox 2013 3708 2285 3758; x_wconf 84' lang='lat' dir='ltr'>mandatam</span> <span class='ocrx_word' id='word_1_207' title='bbox 2321 3723 2440 3758; x_wconf 85' lang='lat' dir='ltr'>esse.</span> <span class='ocrx_word' id='word_1_208' title='bbox 2481 3707 2623 3774; x_wconf 81' lang='lat' dir='ltr'>Legis</span> <span class='ocrx_word' id='word_1_209' title='bbox 2648 3708 2783 3758; x_wconf 80' lang='lat' dir='ltr'>verba</span> 
     </span>
     <span class='ocr_line' id='line_1_27' title="bbox 540 3789 1070 3840; baseline 0.002 -2"><span class='ocrx_word' id='word_1_210' title='bbox 540 3789 843 3839; x_wconf 85' lang='lat' dir='ltr'>contrarium</span> <span class='ocrx_word' id='word_1_211' title='bbox 878 3790 1070 3840; x_wconf 88' lang='lat' dir='ltr'>docent.</span> 
     </span>
    </p>

    <p class='ocr_par' dir='ltr' id='par_1_11' title="bbox 537 3872 2781 4024">
     <span class='ocr_line' id='line_1_28' title="bbox 676 3872 2781 3938; baseline 0.002 -18"><span class='ocrx_word' id='word_1_212' title='bbox 676 3872 714 3934; x_wconf 74' lang='grc' dir='ltr'>θ)</span> <span class='ocrx_word' id='word_1_213' title='bbox 784 3873 844 3920; x_wconf 91' lang='lat' dir='ltr'>In</span> <span class='ocrx_word' id='word_1_214' title='bbox 896 3873 1002 3937; x_wconf 85' lang='lat' dir='ltr'>lege</span> <span class='ocrx_word' id='word_1_215' title='bbox 1049 3873 1238 3932; x_wconf 79' lang='lat' dir='ltr'>Acilia,</span> <span class='ocrx_word' id='word_1_216' title='bbox 1290 3875 1408 3938; x_wconf 88' lang='lat' dir='ltr'>Cap.</span> <span class='ocrx_word' id='word_1_217' title='bbox 1449 3873 1509 3924; x_wconf 81' lang='lat'>17</span> <span class='ocrx_word' id='word_1_218' title='bbox 1562 3875 1818 3924; x_wconf 86' lang='lat' dir='ltr'>arbitrium</span> <span class='ocrx_word' id='word_1_219' title='bbox 1852 3875 2159 3938; x_wconf 81' lang='lat' dir='ltr'>magistratus</span> <span class='ocrx_word' id='word_1_220' title='bbox 2194 3873 2550 3938; x_wconf 87' lang='lat' dir='ltr'>quodammodo</span> <span class='ocrx_word' id='word_1_221' title='bbox 2586 3877 2781 3925; x_wconf 84' lang='lat' dir='ltr'>circum·</span> 
     </span>
     <span class='ocr_line' id='line_1_29' title="bbox 537 3955 2329 4024; baseline 0.003 -20"><span class='ocrx_word' id='word_1_222' title='bbox 537 3955 784 4006; x_wconf 79' lang='lat' dir='ltr'>scribitur.</span> <span class='ocrx_word' id='word_1_223' title='bbox 854 3957 1132 4019; x_wconf 83' lang='lat' dir='ltr'>Requiritur</span> <span class='ocrx_word' id='word_1_224' title='bbox 1168 3957 1293 4006; x_wconf 91' lang='lat' dir='ltr'>enim</span> <span class='ocrx_word' id='word_1_225' title='bbox 1331 3958 1397 4006; x_wconf 90' lang='lat' dir='ltr'>ibi</span> <span class='ocrx_word' id='word_1_226' title='bbox 1433 3959 1675 4008; x_wconf 89' lang='lat' dir='ltr'>sententia</span> <span class='ocrx_word' id='word_1_227' title='bbox 1711 3959 1901 4022; x_wconf 85' lang='lat' dir='ltr'>majoris</span> <span class='ocrx_word' id='word_1_228' title='bbox 1937 3960 2086 4024; x_wconf 87' lang='lat' dir='ltr'>partis</span> <span class='ocrx_word' id='word_1_229' title='bbox 2122 3959 2329 4010; x_wconf 89' lang='lat' dir='ltr'>consilii.</span> 
     </span>
    </p>

    <p class='ocr_par' dir='ltr' id='par_1_12' title="bbox 532 4039 2789 4360">
     <span class='ocr_line' id='line_1_30' title="bbox 678 4039 2789 4108; baseline 0.003 -21"><span class='ocrx_word' id='word_1_230' title='bbox 678 4039 929 4088; x_wconf 86' lang='lat' dir='ltr'>Caeterum</span> <span class='ocrx_word' id='word_1_231' title='bbox 968 4041 1220 4104; x_wconf 87' lang='lat' dir='ltr'>praedum,</span> <span class='ocrx_word' id='word_1_232' title='bbox 1259 4043 1593 4106; x_wconf 87' lang='lat' dir='ltr'>praediorum,</span> <span class='ocrx_word' id='word_1_233' title='bbox 1631 4045 1935 4108; x_wconf 82' lang='lat' dir='ltr'>cognitorum</span> <span class='ocrx_word' id='word_1_234' title='bbox 1972 4043 2194 4092; x_wconf 88' lang='lat' dir='ltr'>condicio</span> <span class='ocrx_word' id='word_1_235' title='bbox 2230 4044 2298 4092; x_wconf 86' lang='lat' dir='ltr'>ita</span> <span class='ocrx_word' id='word_1_236' title='bbox 2336 4058 2438 4093; x_wconf 87' lang='lat' dir='ltr'>esse</span> <span class='ocrx_word' id='word_1_237' title='bbox 2463 4043 2606 4093; x_wconf 88' lang='lat' dir='ltr'>debet</span> <span class='ocrx_word' id='word_1_238' title='bbox 2638 4047 2691 4093; x_wconf 88' lang='lat' dir='ltr'>ut</span> <span class='ocrx_word' id='word_1_239' title='bbox 2714 4059 2789 4092; x_wconf 81' lang='lat' dir='ltr'>ac-</span> 
     </span>
     <span class='ocr_line' id='line_1_31' title="bbox 534 4121 2789 4192; baseline 0.004 -23"><span class='ocrx_word' id='word_1_240' title='bbox 534 4121 632 4185; x_wconf 88' lang='lat' dir='ltr'>cipi</span> <span class='ocrx_word' id='word_1_241' title='bbox 669 4123 852 4186; x_wconf 87' lang='lat' dir='ltr'>possint</span> <span class='ocrx_word' id='word_1_242' title='bbox 888 4140 915 4172; x_wconf 84' lang='lat' dir='ltr'>a</span> <span class='ocrx_word' id='word_1_243' title='bbox 952 4125 1259 4187; x_wconf 80' lang='lat' dir='ltr'>magistratu3</span> <span class='ocrx_word' id='word_1_244' title='bbox 1299 4127 1558 4190; x_wconf 84' lang='lat' dir='ltr'>requiritur</span> <span class='ocrx_word' id='word_1_245' title='bbox 1595 4131 1648 4177; x_wconf 89' lang='lat' dir='ltr'>nt</span> <span class='ocrx_word' id='word_1_246' title='bbox 1683 4129 1904 4192; x_wconf 84' lang='lat' dir='ltr'>praedes,</span> <span class='ocrx_word' id='word_1_247' title='bbox 1947 4127 2217 4190; x_wconf 80' lang='lat' dir='ltr'>cognitores</span> <span class='ocrx_word' id='word_1_248' title='bbox 2252 4127 2351 4176; x_wconf 86' lang='lat' dir='ltr'>siut</span> <span class='ocrx_word' id='word_1_249' title='bbox 2375 4127 2551 4186; x_wconf 87' lang='lat' dir='ltr'>soluti,</span> <span class='ocrx_word' id='word_1_250' title='bbox 2574 4126 2789 4177; x_wconf 83' lang='lat' dir='ltr'>similiter</span> 
     </span>
     <span class='ocr_line' id='line_1_32' title="bbox 534 4206 2788 4277; baseline 0.003 -22"><span class='ocrx_word' id='word_1_251' title='bbox 534 4210 589 4255; x_wconf 90' lang='lat' dir='ltr'>ut</span> <span class='ocrx_word' id='word_1_252' title='bbox 625 4206 816 4269; x_wconf 85' lang='lat' dir='ltr'>praedia</span> <span class='ocrx_word' id='word_1_253' title='bbox 874 4207 972 4256; x_wconf 89' lang='lat' dir='ltr'>sint</span> <span class='ocrx_word' id='word_1_254' title='bbox 1009 4208 1203 4267; x_wconf 80' lang='lat' dir='ltr'>soluta3</span> <span class='ocrx_word' id='word_1_255' title='bbox 1259 4210 1364 4258; x_wconf 86' lang='lat' dir='ltr'>vide</span> <span class='ocrx_word' id='word_1_256' title='bbox 1400 4210 1492 4275; x_wconf 86' lang='lat' dir='ltr'>leg.</span> <span class='ocrx_word' id='word_1_257' title='bbox 1530 4226 1691 4276; x_wconf 76' lang='lat' dir='ltr'>agrar.</span> <span class='ocrx_word' id='word_1_258' title='bbox 1724 4211 1838 4277; x_wconf 87' lang='lat' dir='ltr'>Cap.</span> <span class='ocrx_word' id='word_1_259' title='bbox 1876 4211 1941 4260; x_wconf 82' lang='lat'>20</span> <span class='ocrx_word' id='word_1_260' title='bbox 1978 4225 2104 4261; x_wconf 65' lang='lat' dir='ltr'>zum,</span> <span class='ocrx_word' id='word_1_261' title='bbox 2141 4227 2203 4260; x_wconf 86' lang='lat' dir='ltr'>no</span> <span class='ocrx_word' id='word_1_262' title='bbox 2244 4209 2412 4271; x_wconf 81' lang='lat'>1678).</span> <span class='ocrx_word' id='word_1_263' title='bbox 2490 4211 2701 4271; x_wconf 86' lang='lat' dir='ltr'>Romae,</span> <span class='ocrx_word' id='word_1_264' title='bbox 2735 4217 2788 4262; x_wconf 83' lang='lat' dir='ltr'>ut</span> 
     </span>
     <span class='ocr_line' id='line_1_33' title="bbox 532 4289 2783 4360; baseline 0.002 -22"><span class='ocrx_word' id='word_1_265' title='bbox 532 4290 625 4338; x_wconf 91' lang='lat' dir='ltr'>hoc</span> <span class='ocrx_word' id='word_1_266' title='bbox 661 4289 860 4348; x_wconf 88' lang='lat' dir='ltr'>addam,</span> <span class='ocrx_word' id='word_1_267' title='bbox 900 4292 1094 4355; x_wconf 87' lang='lat' dir='ltr'>praedia</span> <span class='ocrx_word' id='word_1_268' title='bbox 1131 4293 1179 4340; x_wconf 89' lang='lat' dir='ltr'>in</span> <span class='ocrx_word' id='word_1_269' title='bbox 1217 4292 1428 4343; x_wconf 89' lang='lat' dir='ltr'>dominio</span> <span class='ocrx_word' id='word_1_270' title='bbox 1459 4295 1583 4358; x_wconf 84' lang='lat' dir='ltr'>juris</span> <span class='ocrx_word' id='word_1_271' title='bbox 1620 4294 1883 4360; x_wconf 72' lang='lat' dir='ltr'>Quiritium</span> <span class='ocrx_word' id='word_1_272' title='bbox 1918 4311 2017 4344; x_wconf 89' lang='lat' dir='ltr'>esse</span> <span class='ocrx_word' id='word_1_273' title='bbox 2036 4295 2289 4359; x_wconf 85' lang='lat' dir='ltr'>oportebat</span> <span class='ocrx_word' id='word_1_274' title='bbox 2307 4309 2475 4344; x_wconf 88' lang='lat' dir='ltr'>eorum</span> <span class='ocrx_word' id='word_1_275' title='bbox 2494 4295 2575 4357; x_wconf 84' lang='lat' dir='ltr'>qni</span> <span class='ocrx_word' id='word_1_276' title='bbox 2603 4295 2783 4360; x_wconf 81' lang='lat' dir='ltr'>subsig-</span> 
     </span>
    </p>
   </div>
   <div class='ocr_carea' id='block_1_5' title="bbox 529 4375 2784 4522">
    <p class='ocr_par' dir='ltr' id='par_1_13' title="bbox 529 4375 2784 4522">
     <span class='ocr_line' id='line_1_34' title="bbox 529 4375 2784 4446; baseline 0.003 -23"><span class='ocrx_word' id='word_1_277' title='bbox 529 4375 726 4431; x_wconf 83' lang='lat' dir='ltr'>narent3</span> <span class='ocrx_word' id='word_1_278' title='bbox 780 4375 842 4424; x_wconf 84' lang='lat' dir='ltr'>cf.</span> <span class='ocrx_word' id='word_1_279' title='bbox 895 4388 1094 4435; x_wconf 71' lang='lat' dir='ltr'>arvina,</span> <span class='ocrx_word' id='word_1_280' title='bbox 1151 4376 1231 4440; x_wconf 88' lang='lat' dir='ltr'>qui</span> <span class='ocrx_word' id='word_1_281' title='bbox 1269 4377 1458 4427; x_wconf 87' lang='lat' dir='ltr'>uberius</span> <span class='ocrx_word' id='word_1_282' title='bbox 1494 4380 1553 4428; x_wconf 91' lang='lat' dir='ltr'>de</span> <span class='ocrx_word' id='word_1_283' title='bbox 1589 4379 1834 4444; x_wconf 86' lang='lat' dir='ltr'>requisitis</span> <span class='ocrx_word' id='word_1_284' title='bbox 1869 4381 2101 4446; x_wconf 82' lang='lat' dir='ltr'>praedam</span> <span class='ocrx_word' id='word_1_285' title='bbox 2137 4383 2187 4429; x_wconf 89' lang='lat' dir='ltr'>et</span> <span class='ocrx_word' id='word_1_286' title='bbox 2223 4378 2533 4444; x_wconf 86' lang='lat' dir='ltr'>praediorum</span> <span class='ocrx_word' id='word_1_287' title='bbox 2569 4379 2784 4446; x_wconf 81' lang='lat' dir='ltr'>disputat</span> 
     </span>
     <span class='ocr_line' id='line_1_35' title="bbox 529 4459 1114 4522; baseline 0.005 -15"><span class='ocrx_word' id='word_1_288' title='bbox 529 4460 578 4507; x_wconf 88' lang='lat' dir='ltr'>in</span> <span class='ocrx_word' id='word_1_289' title='bbox 619 4459 704 4520; x_wconf 80' lang='lat' dir='ltr'>Op.</span> <span class='ocrx_word' id='word_1_290' title='bbox 740 4459 773 4508; x_wconf 83' lang='lat' dir='ltr'>l.</span> <span class='ocrx_word' id='word_1_291' title='bbox 811 4474 860 4522; x_wconf 84' lang='lat' dir='ltr'>p.</span> <span class='ocrx_word' id='word_1_292' title='bbox 897 4460 962 4507; x_wconf 78' lang='lat'>49</span> <span class='ocrx_word' id='word_1_293' title='bbox 985 4461 1114 4510; x_wconf 83' lang='lat'>—53.</span> 
     </span>
    </p>
   </div>
   <div class='ocr_carea' id='block_1_6' title="bbox 2980 2929 2987 3448">
    <p class='ocr_par' dir='ltr' id='par_1_14' title="bbox 2980 2929 2987 3448">
     <span class='ocr_line' id='line_1_36' title="bbox 2980 2929 2987 3448; baseline 0 0"><span class='ocrx_word' id='word_1_294' title='bbox 2980 2929 2987 3448; x_wconf 95' lang='lat' dir='ltr'> </span> 
     </span>
    </p>
   </div>
   <div class='ocr_carea' id='block_1_7' title="bbox 2958 3615 2981 5230">
    <p class='ocr_par' dir='ltr' id='par_1_15' title="bbox 2958 3615 2981 5230">
     <span class='ocr_line' id='line_1_37' title="bbox 2978 3615 2981 3760; baseline 0 0"><span class='ocrx_word' id='word_1_295' title='bbox 2978 3615 2981 3760; x_wconf 64' lang='lat'>&gt;</span> 
     </span>
     <span class='ocr_line' id='line_1_38' title="bbox 2976 3817 2979 3990; baseline 0 0"><span class='ocrx_word' id='word_1_296' title='bbox 2976 3817 2979 3990; x_wconf 51' lang='lat'>⁴</span> 
     </span>
     <span class='ocr_line' id='line_1_39' title="bbox 2974 4049 2977 4218; baseline 0 0"><span class='ocrx_word' id='word_1_297' title='bbox 2974 4049 2977 4218; x_wconf 68' lang='lat'><strong><em>&gt;</em></strong></span> 
     </span>
     <span class='ocr_line' id='line_1_40' title="bbox 2972 4265 2975 4448; baseline 0 0"><span class='ocrx_word' id='word_1_298' title='bbox 2972 4265 2975 4448; x_wconf 49' lang='lat' dir='ltr'><em>J</em></span> 
     </span>
     <span class='ocr_line' id='line_1_41' title="bbox 2970 4489 2973 4676; baseline 0 0"><span class='ocrx_word' id='word_1_299' title='bbox 2970 4489 2973 4676; x_wconf 54' lang='grc' dir='ltr'>Ι</span> 
     </span>
     <span class='ocr_line' id='line_1_42' title="bbox 2968 4719 2971 4906; baseline 0 0"><span class='ocrx_word' id='word_1_300' title='bbox 2968 4719 2971 4906; x_wconf 54' lang='grc' dir='ltr'>Ι</span> 
     </span>
     <span class='ocr_line' id='line_1_43' title="bbox 2958 4933 2969 5230; baseline 0 -90"><span class='ocrx_word' id='word_1_301' title='bbox 2958 4933 2969 5230; x_wconf 41' lang='lat'><em>2</em></span> 
     </span>
    </p>
   </div>
  </div>
 </body>
</html>
