3027 5263
1327 567 1456 628 119

251 763 496 849 giorum
567 761 692 825 duo
766 760 860 824 vel
925 759 1130 844 plures
1178 779 1349 845 pares
1397 765 1594 823 essent
1643 760 1708 823 in
1758 759 1909 845 ipsis
1957 762 2248 825 centuriis
2297 768 2357 827 et
2404 764 2513 827 tri-

250 889 480 954 bubus).
583 888 835 952 Constat
876 892 1080 951 tamen
1127 886 1192 949 in
1229 858 1489 949 comitiis
1539 886 1783 951 tributis
1830 894 2051 952 sortem
2087 888 2423 953 decrevisse
2455 892 2512 955 si

251 1016 380 1083 duo
429 1015 524 1080 vel
570 1013 772 1099 plures
821 1013 1075 1078 totidem
1127 1012 1320 1077 tribus
1369 1012 1663 1079 haberent
1697 1014 1765 1098 ¹).

447 1142 797 1207 Secundum
862 1142 1018 1205 hanc
1089 1163 1360 1205 normam
1412 1142 1574 1205 IIvir
1638 1142 1923 1227 deinceps
1995 1144 2311 1207 renuntiat
2360 1166 2515 1229 quos

257 1270 538 1357 singulae
587 1269 787 1334 curiae
854 1267 1124 1332 fecerint.
1225 1267 1605 1352 Simulatque
1664 1269 1990 1334 confecerit
2038 1270 2174 1355 quis
2224 1272 2512 1355 majorem

255 1406 492 1485 partem
559 1397 900 1472 curiarum,
965 1396 1022 1460 ei
1070 1395 1461 1480 magistratus
1522 1396 1943 1479 jusjurandum
1994 1397 2183 1463 defert
2215 1399 2303 1483 2),
2358 1421 2514 1483 quae

257 1524 532 1591 conditio
603 1530 694 1587 est
767 1522 1239 1587 renuntiationis
1315 1522 1639 1587 secundae.
1742 1523 2024 1587 Defertur
2097 1524 2253 1589 illud
2318 1527 2511 1591 cuivis

257 1651 622 1730 candidato,
691 1672 1116 1735 quemcunque
1181 1650 1472 1714 honorem
1540 1650 1781 1735 petierit
1794 1678 1811 1729 ;
1867 1652 1987 1715 nisi
2036 1659 2340 1737 praestet,
2390 1676 2513 1718 non

259 1779 682 1856 renuntiatur,
731 1800 924 1862 eoque
965 1746 1182 1843 differt·
1218 1777 1294 1843 ab
1340 1777 1731 1861 jurejurando
1783 1778 1857 1843 de
1906 1800 2028 1863 quo
2078 1802 2259 1864 supra
2310 1780 2516 1866 dispu-

257 1908 418 1985 tavi,
455 1906 619 1992 quod
652 1906 917 1990 exigitur
953 1906 1069 1970 hoc
1103 1904 1176 1969 ab
1211 1928 1281 1970 6ο
1315 1906 1423 1989 qui
1457 1906 1732 1970 nondum
1767 1913 1858 1970 est
1894 1907 2279 1991 magistratus
2299 1958 2316 1987 ,
2355 1908 2509 1972 illud

257 2058 400 2101 vero
449 2034 524 2099 ab
576 2056 648 2099 eo
697 2033 804 2117 qui
854 2056 958 2118 per
1007 2033 1242 2117 aliquot
1290 2032 1417 2097 dies
1461 2039 1695 2097 creatus
1737 2035 1864 2117 jam
1914 2043 2021 2098 est.
2123 2034 2342 2098 Cetera
2390 2036 2513 2099 fere

258 2164 329 2227 in
380 2168 639 2247 utroque
685 2167 829 2225 sunt
877 2160 1103 2225 eadem.
1202 2161 1278 2224 In
1329 2161 1673 2225 contionem
1713 2161 1758 2245 3)
1800 2167 1860 2225 et
1910 2160 2108 2245 palam
2159 2162 2339 2227 etiam
2392 2162 2508 2227 hoc

255 2296 351 2355 est
398 2289 862 2377 praestandum3
912 2288 1170 2353 formula
1217 2310 1458 2373 quoque
1509 2269 1753 2373 prorsus
1804 2294 1893 2351 est
1940 2288 2175 2352 similis.

448 2417 780 2481 Paululum
828 2420 1066 2481 tantum
1117 2421 1538 2500 argumentum
1574 2416 1771 2479 differt
1780 2443 1798 2495 3
1831 2416 1995 2500 jurat
2030 2417 2193 2479 enim
2227 2416 2342 2480 hoc
2374 2417 2507 2481 1060

255 2544 623 2611 candidatus
674 2566 738 2609 se
785 2543 1090 2608 facturum
1139 2564 1294 2627 quae
1343 2564 1418 2606 ex
1467 2542 1579 2605 hac
1628 2542 1761 2628 1636
1818 2544 2010 2607 facere
2060 2543 2361 2628 oportebit
2410 2567 2509 2609 ne-

257 2697 384 2760 que
445 2674 726 2738 adversus
793 2673 948 2736 hanc
995 2672 1190 2758 legem
1258 2672 1470 2736 fecisse
1520 2679 1628 2736 aut
1683 2671 1983 2736 facturum
2045 2695 2173 2736 esse
2222 2673 2510 2738 scientem

263 2801 406 2866 dolo
457 2800 633 2864 malo·
733 2799 914 2864 Nihil
959 2798 1082 2864 fere
1133 2799 1195 2862 in
1240 2799 1633 2883 jurejurando
1668 2806 1758 2862 est
1790 2798 1954 2882 quod
1988 2799 2507 2864 animadversione

257 2931 516 3016 dignum
564 2929 644 2993 sit
691 2951 882 3012 quum
933 2949 1209 2992 sermone
1261 2927 1521 2992 maxime
1592 2927 1859 3012 generali
1903 2927 2109 3010 jurent
2157 2949 2219 2990 se
2267 2928 2497 2992 honore

261 3080 374 3123 suo
407 3057 566 3122 recte
599 3057 912 3120 functurus
923 3080 943 3133 3
978 3054 1093 3118 hoc
1125 3059 1329 3118 tamen
1365 3054 1600 3118 attendi
1630 3060 1891 3118 meretur
1916 3053 2269 3118 candidatos
2295 3076 2510 3118 secun·

255 3187 412 3252 dum
460 3185 606 3270 Gap.
663 3187 745 3248 59
798 3183 950 3269 legis
999 3183 1148 3248 Mal.
1194 3183 1395 3267 jurare
1445 3205 1507 3246 se
1555 3181 1712 3246 nihil
1743 3181 1977 3267 fecisse
2030 3187 2240 3244 contra
2288 3181 2507 3266 1636111.

253 3313 450 3396 Quod
499 3312 684 3389 ade0,
737 3311 812 3376 ad
845 3311 1224 3398 purgandam
1249 3311 1476 3396 quippe
1516 3309 1780 3374 ambitus
1825 3309 2232 3394 suspicionem
2262 3310 2507 3388 datum,

249 3441 678 3529 purgatorium
728 3440 924 3506 dicere
971 3439 1170 3504 liceat.
1254 3439 1433 3504 Ratio
1483 3440 1548 3503 in
1597 3443 1887 3524 promptu
1931 3443 2049 3516 est,
2104 3460 2209 3502 cur
2266 3439 2353 3501 ita
2388 3460 2512 3500 non

240 3571 496 3657 jurent,
555 3591 696 3635 cum
761 3567 1151 3653 magistratus
1193 3567 1318 3651 jam
1369 3566 1555 3630 creati
1618 3572 1763 3628 sunt
1813 3567 1899 3649 (in
1951 3563 2164 3648 Capite
2218 3567 2299 3628 26
2354 3563 2506 3650 legis

251 3697 668 3782 Salpensanae
732 3695 838 3760 illa
888 3695 1066 3761 verba
1116 3717 1238 3759 non
1290 3695 1647 3780 leguntur),
1696 3699 1834 3758 tum
1884 3693 2043 3758 enim
2087 3692 2514 3777 jusjurandum

404 4070 438 4128 ¹)
510 4068 627 4117 Vide
663 4081 898 4118 cronon.
927 4083 1023 4129 pro
1059 4068 1218 4118 Plane.
1258 4067 1342 4118 22.

395 4153 436 4217 2)
507 4153 626 4202 Vide
661 4153 779 4217 Cap.
817 4154 878 4202 59
913 4154 1032 4217 ἱερὰς
1065 4154 1184 4202 Mal.
1221 4153 1303 4201 ubi
1340 4155 1534 4202 cautum
1572 4155 1668 4200 est:
1710 4150 1839 4215 „Qui
1886 4166 1941 4199 ea
1986 4149 2179 4199 comitia
2223 4149 2421 4199 habebit
2445 4154 2517 4202 uti

243 4239 458 4306 quisque
493 4253 658 4287 eorum
711 4236 792 4302 qui
826 4237 1112 4296 IIviratum,
1155 4236 1448 4286 aedilitatem
1486 4240 1861 4300 quaesturamve
1896 4237 2029 4298 petet
2064 4234 2294 4297 majorem
2328 4239 2514 4299 partem

243 4325 445 4378 numeri
487 4323 727 4372 curiarum
762 4322 1049 4387 expleverit,
1094 4322 1232 4384 prius
1266 4338 1402 4385 quam
1441 4337 1544 4370 eum
1564 4321 1761 4384 factum
1797 4324 2096 4383 creatumque
2132 4320 2375 4369 renuntiet
2408 4319 2509 4383 jus-

239 4410 516 4477 jurandum
551 4409 752 4473 adigito,
794 4407 916 4457 eet.’'
956 4407 1016 4457 cf.
1054 4407 1172 4472 Cap.
1213 4406 1274 4457 57
1314 4408 1527 4455 eiusdem
1565 4406 1699 4468 legiS.

399 4495 440 4560 ³)
507 4494 580 4545 De
611 4494 883 4544 accusativo
919 4492 1006 4543 illo
1043 4493 1104 4543 cf.
1144 4509 1264 4557 quae
1301 4508 1447 4556 supra
1484 4491 1728 4556 disputavi
1767 4492 1895 4541 Dies.
1932 4507 1979 4555 1».
2020 4491 2082 4539 50
2119 4493 2220 4540 not.
2263 4491 2306 4540 1.
