3027 5263
1885 612 1921 669 2

963 799 1092 864 Sub
1141 800 1323 864 finem
1373 801 1519 865 anni
1572 803 1749 865 1851
1802 801 2122 888 Malagae‚
2175 801 2511 889 Hispaniae
2558 805 2621 869 in
2671 805 2820 872 urbe
2868 809 2995 874 dun

776 927 992 992 domus
1055 927 1259 992 diruta
1331 929 1714 1006 restituitur,
1772 929 1927 994 duae
1974 929 2217 994 tabulae
2266 953 2487 996 aeneae
2557 940 2825 1018 repertae
2873 959 2997 1002 sun·

773 1056 934 1142 leges
1006 1055 1141 1119 illas
1207 1056 1587 1120 continentes
1669 1056 1743 1119 de
1816 1056 2037 1140 quibus
2110 1058 2683 1124 commentationem
2754 1064 2999 1130 scribet<

769 1183 835 1246 in
887 1183 1088 1248 animo
1138 1190 1245 1248 est.
1326 1184 1620 1269 Quinque
1669 1182 1925 1269 pedibus
1973 1184 2085 1249 sub
2144 1185 2343 1250 solum
2392 1187 2745 1254 desederant
2775 1191 2999 1277 linique

771 1333 892 1396 quo
958 1311 1264 1395 quondam
1338 1311 1648 1374 involutae
1711 1310 1949 1374 fuerant
2014 1310 2331 1375 etiamtum
2407 1313 2661 1398 vestigia
2725 1315 3001 1398 aderant}

769 1438 1053 1525 quodque
1102 1439 1226 1503 fere
1271 1460 1585 1523 nunquam
1636 1438 1702 1500 in
1752 1439 2165 1502 monumentis
2200 1437 2425 1503 talibus
2476 1443 2710 1522 evenit,
2762 1467 3001 1528 prorsus

767 1566 1040 1651 integrae
1087 1565 1458 1650 prodierunt.
1527 1564 1605 1629 In
1653 1564 1881 1648 majore
1929 1564 2138 1629 tabula
2185 1564 2284 1629 lex
2330 1565 2698 1632 Malacitana
2739 1571 3003 1657 quinque

767 1693 1068 1758 columnis
1114 1693 1339 1779 scripta
1373 1694 1722 1756 continetur
1733 1716 1753 1769 3
1805 1691 2041 1756 duabus
2086 1693 2386 1758 columnis
2435 1694 2502 1758 in
2536 1697 2767 1762 minore
2799 1699 3003 1766 tabula

763 1821 864 1885 lex
911 1820 1279 1906 Salpensana
1320 1821 1386 1904 ¹).

959 1947 1160 2010 Hodie
1209 1945 1450 2010 tabulae
1499 1943 1782 2031 Malagae
1830 1950 1976 2008 sunt
2037 1945 2103 2009 in
2154 1945 2430 2010 dominio
2479 1947 2596 2011 viri
2642 1949 3005 2018 nobilissimi

761 2094 1009 2140 necnon
1055 2093 1294 2138 nonme
1323 2073 1395 2158 2).
1491 2072 1823 2157 Postquam
1872 2073 1984 2137 hae
2031 2071 2270 2138 tabulae
2325 2074 2392 2138 in
2452 2048 2775 2140 Germania
2830 2079 3001 2143 inno-

758 2209 1010 2268 tuerunt
1073 2201 1413 2287 complures
1477 2201 1596 2265 viri
1672 2201 1870 2279 docti,
1940 2202 2099 2266 inter
2163 2224 2318 2287 quos
2368 2223 2471 2267 ΤΗ.
2521 2188 2837 2270 ΜοΜΜεΕὴ
2874 2231 3001 2273 non

757 2331 956 2396 solum
1005 2336 1274 2414 tempore
1321 2351 1527 2393 verum
1578 2329 1759 2393 etiam
1810 2329 2111 2414 dignitate
2159 2331 2371 2396 ceteris
2433 2332 2779 2417 praecellit,
2830 2357 3005 2420 argu-

756 2465 1032 2522 mentum
1095 2463 1372 2521 nostrum
1447 2455 1750 2520 elaborare
1799 2463 2148 2542 coeperunt.
2247 2458 2432 2538 Quod
2497 2482 2635 2524 vero
2698 2461 2856 2525 nulli
2927 2483 3011 2526 ex

753 2583 1186 2672 interpretibus
1235 2583 1343 2668 qui
1393 2583 1466 2647 de
1518 2584 1627 2648 hac
1675 2605 1739 2648 re
1790 2589 1927 2648 ante
1963 2583 2058 2649 vel
2110 2592 2247 2670 post
2296 2607 2432 2650 eum
2484 2587 2886 2673 scripserunt,
2921 2586 3008 2653 el.

753 2735 1120 2779 LABonLAYn
1170 2713 1428 2792 accidit,
1504 2718 1577 2776 ut
1624 2713 1699 2777 de
1746 2713 2159 2777 universarum
2210 2714 2678 2799 inscriptionum
2724 2717 2842 2781 fide
2891 2718 3011 2781 du-

753 2841 948 2907 bitare
983 2840 1265 2927 coeperit.
1361 2840 1512 2903 Eius
1546 2840 1729 2904 dubia
1763 2847 1966 2905 tamen
2000 2841 2275 2926 quamvis
2309 2864 2748 2927 nonnunquam
2782 2867 3010 2930 magna

755 2969 1085 3055 sagacitate
1134 2974 1193 3033 et
1246 2966 1584 3032 eruditione
1632 2969 1941 3053 proposita
1972 2968 2215 3033 nullum
2249 2992 2322 3033 ex
2359 2969 2498 3033 viris
2547 2969 2771 3050 doctiS,
2808 2994 3002 3055 quan-

752 3104 886 3162 tum
922 3096 1203 3181 equidem
1234 3096 1390 3175 scio,
1425 3103 1744 3159 moverunt
1769 3103 1839 3158 ut
1870 3096 2333 3181 amplecteretur
2358 3110 2489 3160 eam
2517 3097 2883 3162 sententiam
2911 3099 2957 3181 3)
2978 3122 2995 3173 3

893 3330 926 3392 ¹)
997 3330 1145 3379 Plura
1193 3329 1250 3377 ‹le
1297 3328 1387 3377 hac
1436 3343 1512 3385 re,
1563 3327 1622 3376 de
1667 3327 1922 3377 latitudine
1968 3326 2246 3376 tabularum
2279 3342 2545 3391 magnoque
2580 3344 2745 3378 earnm
2782 3331 2998 3393 pondere

749 3418 900 3466 tradit
955 3429 998 3463 ε.
1037 3426 1338 3463 Laeonum
1373 3412 1422 3460 in
1458 3410 1653 3476 Opere=
1690 3414 1781 3461 Les
1816 3414 1963 3461 rables
1996 3414 2055 3461 de
2088 3413 2279 3461 Bronze
2313 3416 2373 3461 de
2405 3414 2602 3477 Malaqa
2626 3417 2673 3461 et
2693 3414 2996 3477 deSalpensa

750 3502 888 3552 Paris
928 3500 1076 3550 1856.
1111 3514 1158 3564 Ρ.
1197 3500 1244 3549 3.
1315 3498 1390 3547 cf.
1425 3496 1571 3545 etiam
1606 3510 1861 3547 nonnum
1895 3496 1947 3545 in
1992 3497 2391 3547 commentatione
2428 3512 2548 3561 quae
2594 3498 2774 3547 inserta
2810 3505 2882 3549 est
2917 3503 2994 3550 in:

749 3586 979 3647 „Recueil
1008 3586 1070 3633 de
1101 3581 1398 3633 l'Acade‘mie
1429 3583 1488 3631 de
1511 3580 1797 3645 Mqislatiorz
1833 3584 1892 3631 de
1930 3586 2150 3632 Toulouse
2172 3598 2296 3631 anno
2329 3583 2459 3631 1856
2486 3583 2626 3633 Tom.
2653 3586 2678 3631 ὃ
2706 3600 2753 3648 p.
2793 3586 2880 3644 66,
2912 3584 2995 3637 67.

887 3671 926 3731 ²)
999 3670 1165 3718 Variae
1202 3668 1500 3731 conjecturae
1542 3668 1818 3731 propositae
1854 3673 1966 3716 sunt
2002 3669 2060 3716 de
2096 3668 2375 3732 quaestione
2412 3668 2491 3730 qui
2526 3668 2705 3717 factum
2741 3669 2805 3717 sit
2842 3674 2895 3718 ut
2918 3670 2995 3719 lex

747 3756 1042 3822 Salpensana
1090 3755 1306 3804 Malacae
1354 3753 1554 3817 reperiri
1608 3753 1834 3817 potnerit.
1903 3752 2241 3817 Improbabilis
2289 3751 2405 3800 mihi
2454 3768 2550 3799 non
2608 3752 2796 3801 videtur
2832 3755 2997 3819 opinio

747 3858 886 3906 quam
924 3840 987 3891 cl.
1031 3852 1284 3889 nomast-:N
1322 3842 1482 3887 tuetur
1520 3837 1589 3899 (in
1626 3838 1807 3903 Opere:
1849 3839 1939 3887 Die
1960 3838 2257 3887 Stadtrechte
2274 3837 2359 3885 der
2383 3837 2682 3885 Latinischen
2710 3839 2994 3889 Gemeinden

744 3928 970 3988 Salpensa
1006 3926 1107 3973 und
1141 3924 1364 3987 Mduqu,
1399 3923 1593 3986 Leipzig
1631 3923 1789 3981 1855,
1830 3938 1875 3986 p.
1915 3923 2057 3984 389„
2095 3922 2299 3984 conjecit
2324 3922 2450 3969 enim
2475 3921 2628 3984 legem
2653 3921 2993 3987 Salpensanam

745 4027 842 4060 una
877 4026 985 4059 cum
1023 4008 1314 4057 Malaeitana
1348 4024 1405 4056 ex
1442 4024 1537 4071 quo
1574 4007 1804 4071 Salpensa
1841 4008 1997 4055 excisa
2034 4011 2157 4056 esset
2192 4006 2409 4055 Malacae
2444 4006 2669 4069 viguisse.

883 4094 922 4157 ³)
997 4094 1309 4143 Communem
1363 4094 1651 4141 sententiam
1705 4093 1763 4141 de
1817 4092 2064 4141 authentia
2116 4091 2389 4140 tabularum
2440 4091 2584 4139 etiam
2630 4092 2884 4155 amplexus
2921 4097 2995 4142 est

743 4192 954 4229 wahren
988 4179 1036 4227 in
1074 4178 1332 4227 novissima
1368 4178 1579 4227 editione
1600 4178 1768 4238 (1860)
1812 4177 2010 4241 Operis:
2051 4178 2323 4226 Gesohichte
2358 4178 2441 4225 des
2480 4178 2757 4226 Ramischen
2793 4178 2991 4239 Rechts,

745 4280 838 4330 qua
893 4262 1100 4312 editione
1153 4250 1368 4325 quamvis
1421 4263 1523 4325 ipse
1560 4276 1671 4310 usus
1708 4276 1804 4308 non
1842 4260 1959 4317 sim,
1998 4264 2157 4309 tamen
2194 4260 2307 4323 quid
2342 4260 2399 4309 de
2441 4260 2529 4309 hac
2565 4277 2708 4309 causa
2744 4262 2992 4311 contineat

745 4350 862 4399 mihi
906 4346 1131 4412 apparuit
1166 4362 1223 4395 ex
1261 4361 1462 4395 censura
1497 4346 1641 4409 hujus
1675 4346 1835 4409 operis
1873 4360 1991 4409 quae
2028 4348 2181 4393 exstat
2217 4345 2265 4393 in
2304 4344 2473 4394 Diario
2508 4345 2723 4395 Juridico
2760 4345 2837 4395 cui
2873 4346 2988 4394 titu-

740 4435 845 4484 lus=
883 4432 1041 4481 Revue
1073 4431 1347 4495 Historiqne
1379 4430 1440 4480 de
1474 4432 1619 4480 Droit
1652 4429 1879 4479 Francais
1906 4434 1951 4477 et
1975 4430 2210 4493 Etranqer
2238 4429 2363 4478 1861
2382 4467 2395 4488 ,
2421 4445 2467 4495 Ρ.
2495 4430 2712 4480 90—94.
2771 4430 2990 4479 Anthen-

740 4522 859 4575 tiam
893 4517 1036 4567 etiam
1072 4520 1344 4582 propugnat
1378 4528 1635 4565 monimen
1669 4515 1719 4563 in
1756 4515 2021 4565 Commeat.
2058 4514 2091 4564 l.
2128 4530 2175 4580 p.
2216 4514 2296 4564 69.
