3027 5263
1386 506 1471 567 89

301 699 605 767 eiusmodi
653 700 1118 769 constitutiones
1134 748 1156 781 ,
1206 720 1360 785 quae
1409 699 1782 765 vacationem
1824 700 1985 765 inter
2018 698 2261 766 eosdem
2292 698 2549 767 honores

297 828 812 915 praescriberent,
863 828 1000 895 ideo
1051 828 1220 893 datas
1268 850 1397 894 esse
1444 850 1523 893 ne
1571 828 1637 891 in
1687 828 1998 913 republica
2046 828 2297 893 nimiam
2346 833 2549 913 potes-

296 961 488 1021 tatem
536 958 918 1043 magistratus
960 955 1280 1042 (imprimis
1329 956 1440 1040 qui
1487 955 1711 1019 summi
1758 955 1977 1039 essent)
2027 955 2502 1040 adipiscerentur
2520 980 2540 1033 3

293 1090 536 1171 postea,
613 1083 963 1171 praesertim
1032 1083 1098 1147 in
1169 1082 1558 1169 municipiiS,
1628 1104 1770 1147 oum
1832 1083 2095 1147 honores
2154 1083 2281 1169 jam
2329 1082 2545 1147 fierent

299 1232 520 1292 onera,
569 1210 684 1275 alia
730 1212 850 1275 fuit
900 1211 1060 1275 ratio
1107 1209 1407 1275 eiusmodi
1454 1209 1984 1295 praescriptorum.

484 1339 868 1403 LABounssu
914 1337 1300 1423 reprehendit
1347 1337 1537 1421 legem
1601 1336 2035 1401 Malacitanam
2084 1334 2253 1400 aliud
2282 1335 2546 1420 spatium

292 1470 666 1531 statuentem
713 1458 874 1528 inter
933 1439 1198 1529 'honores
1271 1485 1456 1547 quam
1506 1462 1651 1527 alibi
1698 1463 2106 1527 intercessisse
2152 1466 2367 1526 notum
2415 1462 2545 1527 fue-

289 1591 398 1658 rit.
465 1592 678 1657 Dicit:
729 1590 946 1669 „Dans
991 1590 1080 1655 les
1129 1588 1581 1675 municipalites
1630 1612 1709 1653 au
1756 1596 1951 1675 temps
1998 1588 2289 1675 d’Ulpien
2336 1588 2383 1653 il
2440 1589 2547 1674 n'y

286 1742 330 1784 a
385 1718 618 1783 d'autre
667 1715 911 1783 defense
939 1738 1078 1803 ⁴que
1127 1716 1204 1781 de
1251 1716 1607 1781 continuare
1656 1716 1946 1809 honorem
1979 1716 2089 1802 ¹).”
2136 1716 2226 1781 Re
2253 1738 2391 1781 vera
2422 1715 2541 1781 hoc

289 1846 480 1911 variis
528 1845 802 1911 Iotorum
849 1843 1214 1909 testimoniis
1265 1845 1657 1909 confirmatur
1679 1843 1728 1929 ²)
1747 1869 1767 1922 3
1818 1848 2083 1909 attamen
2136 1865 2377 1909 monere
2416 1844 2541 1907 suf-

289 1974 458 2038 ficiat
505 1973 921 2057 cuiuscunque
969 1972 1232 2037 civitatis
1281 1972 1476 2058 legem
1534 1971 1656 2037 sibi
1706 1972 2023 2057 proprium
2076 1971 2227 2057 quid
2276 1977 2540 2037 statuere

293 2122 506 2187 posse3
583 2099 930 2165 addendum
1000 2100 1251 2185 insuper
1322 2102 1388 2163 in
1459 2099 1898 2164 constitutione
1964 2118 2273 2163 Gonnum
2342 2098 2541 2163 simile

290 2228 730 2314 praescriptum
796 2226 928 2291 dari
989 2233 1170 2311 atque
1233 2227 1300 2291 in
1362 2225 1498 2311 lege
1566 2232 1776 2291 nostra
1801 2225 1875 2311 3).
1973 2225 2206 2290 Romae
2268 2231 2539 2311 tempore

289 2353 660 2441 reipublicae
721 2355 886 2420 intra
949 2353 1312 2421 decennium
1359 2352 1601 2421 eosdem
1648 2354 1907 2419 honores
1966 2374 2177 2438 capere
2223 2374 2349 2417 non
2395 2350 2538 2417 lice-

289 2480 400 2546 bat
423 2481 494 2567 4).

478 2611 825 2695 Antequam
895 2607 973 2674 ad
1022 2629 1124 2674 eos
1174 2608 1280 2694 qui
1327 2607 1697 2674 aedilitatem
1746 2612 1809 2673 et
1880 2613 2264 2693 quaesturam
2312 2611 2537 2694 petunt

287 2736 616 2801 transimus
631 2785 650 2816 ‚
698 2736 1115 2820 quaestionem
1168 2736 1462 2821 attingere
1486 2736 1702 2816 liceat,
1731 2741 1943 2801 utrum
1969 2758 2149 2802 nemo
2175 2735 2451 2801 Malacae
2476 2741 2539 2800 et

286 2861 616 2949 Salpensae
665 2863 743 2926 ad
792 2862 1122 2928 IIviratum
1171 2861 1506 2949 petendum
1554 2862 1859 2928 admissus
1931 2863 2039 2942 sit,
2090 2863 2215 2928 nisi
2263 2864 2373 2948 qui
2420 2863 2535 2929 mi·

284 3013 463 3056 nores
523 2991 908 3076 magistratus
953 2990 1233 3076 gessisset
1279 3011 1468 3055 necne
1484 3014 1506 3068 3
1582 2990 1721 3054 aliis
1770 2988 1969 3055 verbis
2026 3012 2175 3054 num
2228 2990 2416 3054 fuerit
2464 2990 2531 3056 in

284 3117 638 3203 municipiis
686 3117 908 3182 nostris
953 3122 1152 3181 certus
1201 3116 1349 3182 ordo
1383 3117 1873 3204 magistratuum.
1926 3117 2259 3182 Mouusnrt
2282 3115 2533 3181 affuisse

281 3249 464 3330 putat
481 3268 500 3321 3
571 3263 912 3309 DERNBURG
981 3250 1210 3308 contra
1256 3250 1439 3330 negat
1455 3269 1476 3321 3
1543 3243 1928 3330 probabilem
1977 3244 2136 3310 duco
2182 3244 2533 3332 opinionem

279 3370 454 3436 illius
473 3395 491 3448 3
542 3369 677 3436 aliis
725 3377 922 3436 tamen
974 3371 1346 3457 argumentis
1392 3369 1557 3437 nitor
1582 3371 1657 3456 ⁶).

428 3583 463 3642 ¹)
532 3583 592 3632 In
629 3581 807 3646 Operez
847 3583 916 3632 les
954 3582 1142 3640 Tables,
1175 3599 1227 3647 1».
1261 3585 1328 3634 40
1364 3587 1468 3634 not.
1507 3585 1591 3633 14.

422 3666 463 3730 2)
530 3667 654 3716 vide
687 3667 780 3730 leg.
818 3652 880 3716 is
917 3668 977 3718 n.
1011 3669 1080 3716 aa
1108 3684 1234 3719 mun.
1269 3669 1423 3731 (50.1)
1459 3671 1508 3718 et
1544 3667 1639 3733 1eg.
1680 3671 1743 3718 14
1780 3670 1803 3728 ς
1840 3668 1886 3719 5.
1937 3668 1987 3717 in
2022 3668 2117 3717 fine
2151 3668 2212 3720 D.
2247 3667 2306 3717 de
2329 3683 2456 3719 mun.
2482 3671 2530 3718 et

277 3753 392 3803 hon.
425 3752 600 3812 (50.4).

421 3835 461 3899 ³)
532 3835 650 3884 Vide
686 3835 778 3900 leg.
814 3835 844 3884 2
881 3836 1000 3886 Cod.
1033 3837 1095 3886 de
1127 3853 1252 3888 mun.
1290 3842 1336 3886 et
1368 3837 1476 3888 Iton.
1509 3853 1603 3887 non
1642 3839 1817 3887 contin.
1854 3837 2059 3899 (10.4o).

417 3919 462 3982 4)
529 3921 649 3971 Vide
683 3935 786 3972 mv,
823 3922 928 3971 Lib.
965 3921 1012 3974 7.
1049 3922 1169 3988 Cap.
1201 3924 1285 3974 42.
1320 3924 1493 3974 Postea
1528 3923 1619 3974 hoc
1653 3928 1885 3974 mutatum
1910 3927 2013 3984 est3
2038 3923 2147 3973 vide
2169 3907 2523 3974 anezan-unu-

279 4019 491 4070 quanm
527 4006 624 4057 2.2.
663 4022 710 4071 p.
749 4007 837 4065 30,
879 4008 960 4056 31.

421 4090 463 4154 ὅ)
531 4092 800 4141 Mommsen
821 4109 876 4140 ex
911 4093 1016 4157 ipsa
1034 4092 1138 4156 lege
1156 4094 1311 4142 effecIt
1335 4097 1518 4143 eertum
1538 4094 1755 4143 ordinem
1776 4095 1919 4143 fuisse
1940 4115 1953 4154 3
1973 4095 2090 4144 haec
2106 4098 2219 4144 sunt
2236 4093 2338 4144 eius
2357 4093 2525 4145 verbax

273 4177 586 4238 (Studien-echte
601 4193 650 4241 p.
667 4179 808 4234 415).
826 4177 1044 4236 „Ebenso
1063 4178 1182 4228 wird
1201 4179 1276 4226 die
1293 4179 1579 4242 gesetzliche
1600 4181 1949 4230 Aemterstaffel
1963 4181 2088 4229 wohl
2104 4178 2521 4244 vorausgezetst3’'

274 4265 328 4311 et
352 4260 511 4324 pergit
544 4260 593 4308 in
629 4265 730 4311 not.
768 4263 830 4310 65
867 4261 938 4311 l.l.
973 4263 1374 4327 „Vorausgesetzt
1413 4264 1530 4314 Mal.
1558 4267 1649 4322 54,
1688 4265 1813 4314 dena
1851 4266 1958 4314 dass
1996 4265 2099 4314 hier
2134 4265 2219 4314 der
2253 4265 2323 4314 als
2360 4265 2520 4314 ehrlos

271 4345 505 4410 unffihige
541 4345 774 4396 Candidat
807 4362 900 4396 nur
935 4362 1028 4396 von
1063 4348 1148 4397 der
1182 4349 1482 4414 Bewerbung
1516 4366 1599 4400 um
1634 4350 1711 4400 die
1762 4350 1997 4400 Aedilitat
2032 4350 2149 4400 oder
2173 4351 2250 4400 die
2271 4349 2521 4416 Quaestur

273 4429 687 4494 zuriickgewiesen
735 4432 856 4481 wird
901 4432 996 4482 kan
1034 4433 1157 4484 doch
1192 4451 1285 4485 nur
1319 4435 1411 4485 den
1447 4435 1565 4486 Sinn
1602 4435 1756 4486 haben
1793 4437 1901 4487 dass
1936 4453 1989 4488 er
2025 4436 2239 4489 dadurch
2273 4435 2524 4487 mittelbar
