3027 5263
1686 572 1813 633 126

625 772 790 837 venit
843 790 984 835 cum
1031 765 1333 831 institutis
1380 764 1671 829 Romanis
1685 790 1705 843 ;
1753 764 1982 829 Romae
2024 766 2187 830 enim
2234 774 2479 833 senatus
2537 770 2867 841 habebatur

623 923 658 964 a
707 896 1062 964 consulibus
1109 895 1340 981 quique
1389 916 1597 958 eorum
1646 894 1780 957 loco
1830 898 2036 973 erant,
2098 900 2157 957 et
2206 917 2242 958 a
2286 899 2679 981 praetoribus
2720 902 2779 988 ¹).

809 1025 982 1090 Idem
1033 1044 1274 1110 quoque
1321 1023 1388 1085 in
1439 1020 1747 1107 plerisque
1796 1021 2147 1106 municipiis
2190 1022 2342 1108 juris
2390 1034 2521 1091 erat
2558 1027 2633 1112 ²).

805 1153 886 1217 In
933 1151 1068 1237 lege
1114 1150 1487 1214 Malacitana
1507 1197 1527 1227 ‚
1594 1150 1690 1213 uti
1743 1148 1922 1213 verbo
1970 1150 2219 1227 monui,
2270 1155 2511 1236 patroni
2562 1159 2857 1241 cooptatio

619 1282 802 1348 etiam
849 1279 1050 1345 IIviro
1097 1278 1380 1343 defertur.
1433 1277 1535 1341 Ne
1566 1282 1773 1341 tamen
1809 1277 1886 1342 ad
1921 1276 2351 1363 explicandum
2386 1280 2744 1349 institutum
2778 1308 2859 1349 ac-

619 1409 828 1475 cedam
899 1406 1068 1493 quod
1149 1405 1426 1470 nondum
1489 1404 1913 1490 cognovimuS,
1984 1405 2110 1489 jam
2160 1427 2382 1489 quaero
2432 1409 2585 1492 quid
2640 1418 2728 1475 est
2772 1434 2859 1497 pa-

614 1534 948 1602 tronatus?
1021 1533 1382 1599 [nstitutum
1455 1530 1652 1611 illud,
1728 1554 2099 1617 quamquam
2171 1533 2359 1599 etiam
2406 1536 2467 1600 in
2520 1539 2855 1624 municipiis

616 1672 678 1730 et
741 1663 998 1729 coloniis
1065 1661 1281 1726 Italiae
1355 1660 1831 1745 deprehenditur
1859 1661 1905 1746 ³)
1926 1709 1943 1739 ,
2017 1661 2318 1746 imprimis
2382 1664 2457 1726 ad
2526 1667 2856 1749 provincias

616 1790 976 1877 pertinuisse
1025 1789 1297 1868 videtur3
1337 1789 1576 1875 origine
1626 1795 1753 1852 erat
1787 1789 1950 1873 quod
1985 1789 2117 1873 ipso
2167 1790 2416 1854 nomine
2449 1791 2759 1859 indicatur
2780 1797 2851 1878 4),

615 1916 964 1981 vinculum·
1002 1914 1244 2000 pietatis
1315 1915 1474 1978 inter
1546 1922 1868 2000 patronum
1917 1922 1977 1979 et
2027 1916 2409 2000 municipes,
2461 1919 2643 1984 cuius
2691 1944 2849 2007 grave

609 2043 958 2128 exemplum
1021 2042 1281 2107 occurrit
1345 2043 1410 2106 in
1461 2042 1623 2107 bello
1674 2042 1837 2107 civili
1886 2042 1961 2107 ab
2010 2064 2364 2108 OCTAVIANO
2414 2052 2633 2111 contra
2680 2069 2847 2113 Amo-

607 2192 772 2238 m
842 2178 1045 2257 gesto:
1129 2192 1268 2234 cnm
1341 2170 1502 2233 enim
1575 2174 1704 2233 tota
1775 2170 1895 2234 fere
1982 2169 2164 2234 Italia
2236 2192 2583 2237 cornum
2666 2182 2845 2259 partes

608 2300 968 2385 susciperet,
1043 2296 1462 2361 Bononienses
1536 2297 1681 2380 quia
1751 2296 1817 2359 in
1892 2297 2303 2362 Antoniorum
2376 2299 2664 2366 clientela
2711 2302 2846 2366 anti·

606 2428 816 2512 quitus
889 2425 1128 2489 fuerant
1199 2424 1380 2487 fidem
1453 2443 1729 2489 amomo
1808 2431 2161 2504 servarunt,
2239 2448 2395 2509 quae
2466 2450 2653 2494 causa
2715 2430 2847 2495 adeo

605 2554 771 2618 iusta
825 2572 1172 2618 OCTAVIANO
1221 2551 1560 2631 videretur,
1613 2557 1684 2616 ut
1731 2552 1809 2615 iis
1858 2551 2102 2638 publice
2149 2554 2405 2639 gratiam
2452 2554 2673 2621 fecerit
2719 2579 2842 2621 con-

595 2681 842 2768 jurandi
908 2652 1048 2744 cum
1113 2685 1242 2744 tota
1303 2679 1487 2744 Italia
1535 2702 1643 2765 pro
1696 2679 1973 2765 partibus
2024 2682 2151 2745 suis
2178 2682 2249 2766 ⁵).
2310 2682 2586 2748 Maximo
2640 2687 2845 2750 honore

604 2808 852 2895 patroni
923 2807 1301 2873 habebantur
1365 2831 1400 2871 a
1467 2807 1884 2894 municipibus
1910 2809 1959 2893 ⁶)
1981 2857 2001 2886 ,
2069 2816 2421 2895 statuaeque
2486 2814 2733 2899 saepius
2790 2814 2841 2876 in

600 2957 808 3002 eorum
878 2934 1170 2999 honorem
1235 2903 1619 3020 erigebantur
1652 2935 1719 3018 ²).
1791 2933 2017 2999 Contra
2065 2942 2357 3020 patronos
2399 2939 2535 3022 jura
2588 2947 2653 3004 et
2700 2963 2841 3004 com-

599 3064 780 3130 moda
829 3064 1241 3148 municipum,
1295 3063 1710 3126 universorum
1762 3066 1824 3126 et
1873 3061 2289 3147 singulorum,
2342 3065 2503 3130 tueri
2550 3073 2617 3130 et
2664 3075 2843 3153 patro·

598 3192 793 3256 cinari
863 3190 1179 3275 oportebat
1203 3189 1251 3274 8)
1270 3217 1288 3268 ;
1350 3211 1558 3254 eorum
1610 3211 1817 3253 causas
1869 3189 2189 3255 defendere
2238 3190 2575 3270 debebant,
2634 3217 2834 3279 easque

595 3317 751 3382 tueri
822 3316 1170 3403 praesertim
1226 3323 1436 3382 contra
1482 3317 1741 3381 nimium
1790 3316 2109 3383 arbitrium
2157 3319 2500 3404 praesidum
2551 3330 2617 3386 et
2664 3327 2832 3388 recto-

738 3648 772 3710 1)
845 3647 960 3696 vide
996 3659 1238 3704 cremnon,
1295 3648 1356 3695 de
1388 3648 1476 3710 leq.
1516 3649 1576 3706 3,
1631 3648 1747 3712 Cap.
1786 3651 1847 3705 4,
1885 3648 1943 3696 cf.
1981 3661 2082 3698 mv,
2121 3651 2179 3707 3,
2236 3649 2351 3713 Cap.
2392 3651 2421 3698 9
2472 3652 2521 3698 et
2556 3652 2656 3710 29,
2694 3655 2739 3701 et
2779 3665 2838 3698 ct-

594 3746 784 3790 canon,
827 3732 896 3780 ad
911 3732 1163 3795 familiar.
1203 3731 1297 3789 10,
1337 3730 1421 3780 12.
2666 3749 2703 3770 x

731 3817 768 3878 2)
841 3817 913 3867 Of.
950 3830 1118 3866 zum’r
1155 3817 1202 3864 in
1244 3818 1493 3866 Commeat.
1528 3817 1788 3878 Epiqraph.
1824 3816 1879 3874 Ι,
1918 3833 1962 3881 p.
2004 3816 2119 3868 167.

733 3901 770 3961 3)
843 3901 960 3949 Vide
997 3913 1275 3958 nincxsmv,
1315 3901 1364 3948 in
1401 3899 1587 3964 Opere:
1634 3902 1946 3951 Civili-stirme
1966 3902 2367 3966 Abhandlunqen,
2405 3903 2571 3956 Berlin
2606 3907 2737 3956 1820
2749 3944 2762 3966 ‚
2796 3921 2835 3968 p.

593 3986 685 4042 61,
725 3986 813 4036 65.

727 4068 770 4133 4)
840 4070 911 4118 De
945 4069 1030 4117 illo
1065 4070 1228 4133 paucis
1263 4082 1458 4127 PAumr,
1499 4070 1946 4134 Realencyclopedie
1980 4057 2029 4119 in
2070 4087 2211 4123 voce:
2250 4074 2575 4136 „patronum”

729 4153 769 4213 ⁵)
839 4151 961 4200 Vide
997 4165 1295 4202 sum-omui:
1329 4153 1378 4202 in
1421 4153 1587 4203 Octan.
1624 4171 1726 4219 cap.
1769 4153 1847 4205 17.

731 4236 769 4300 ⁰)
837 4236 1019 4286 Notum
1055 4242 1124 4285 cst
1176 4242 1405 4302 patronos
1454 4239 1503 4288 in
1542 4237 1651 4286 albo
1700 4239 2011 4287 decurionum
2062 4245 2173 4288 ante
2221 4257 2385 4290 omnes
2424 4245 2607 4290 ceteros
2644 4244 2831 4306 scriptos

587 4322 754 4379 fuisse,
793 4321 929 4370 cuius
971 4323 1240 4387 exemplum
1279 4324 1326 4371 in
1365 4323 1473 4371 albo
1512 4324 1754 4373 Canusino
1792 4329 1973 4383 exstat,
2027 4325 2121 4375 vid.
2158 4338 2313 4384 zum,
2354 4326 2458 4375 Del.
2498 4343 2577 4375 no,
2622 4328 2763 4379 1764.

733 4407 767 4469 Ἴ)
839 4406 957 4454 Vide
993 4419 1312 4466 cromam-mn,
1350 4409 1400 4456 in
1437 4409 1678 4466 Pisonem,
1721 4410 1837 4474 Cap.
1880 4411 1959 4458 11.

725 4490 766 4555 8)
839 4491 957 4540 Vide
991 4492 1132 4555 leyem
1167 4493 1401 4550 Aciliam,
1440 4494 1560 4557 Cap.
1596 4497 1651 4552 4,
1692 4507 1843 4552 ZELL,
1882 4495 1989 4544 Del.
2028 4496 2253 4556 Insa-ripe.
2291 4512 2369 4542 no,
2410 4494 2559 4547 1679.
