3027 5263
1549 579 1682 642 204

490 768 763 835 Romano
812 773 853 858 ¹)
870 797 891 850 3
962 773 1117 837 ratio
1164 771 1465 836 eiusmodi
1531 772 1741 858 placiti
1791 773 1854 836 in
1907 779 2190 858 promptu
2261 780 2388 851 est,
2459 775 2744 860 „placuit

490 897 651 962 enim
702 897 1008 966 meliorem
1058 901 1305 986 quidem
1354 922 1525 965 suam
1575 900 1998 966 condicionem
2037 900 2220 966 licere
2261 903 2518 988 pupillis
2549 905 2746 970 facere

489 1023 671 1088 etiam
722 1025 853 1092 sine
903 1006 1139 1092 tutoris·
1168 1028 1564 1108 auctoritate,
1615 1027 1964 1093 deteriorem
2022 1051 2156 1093 vero
2205 1051 2331 1093 non
2381 1031 2500 1094 nisi
2537 1038 2744 1098 tutore

492 1152 776 1218 auetore”
807 1155 881 1238 ²).

680 1289 879 1370 Hine,
931 1289 1073 1355 lieet
1124 1290 1240 1356 sibi
1290 1290 1562 1376 obligare
1611 1291 1800 1376 possit
1848 1291 2118 1378 pupillus
2155 1292 2236 1375 ³),
2289 1292 2419 1378 ipse
2446 1293 2554 1358 alii
2588 1293 2748 1360 obli-

488 1417 618 1502 gari
664 1418 879 1504 nequit
925 1419 1041 1484 nisi
1072 1425 1289 1500 ‘tutore
1338 1426 1584 1483 auctore
1616 1419 1696 1501 ⁴);
1751 1419 2020 1483 eandem'
2053 1419 2128 1484 ob
2181 1442 2423 1486 oausam
2473 1422 2744 1488 alienare

489 1565 611 1609 non
660 1543 805 1610 lieet
851 1545 1086 1632 pupillo
1134 1547 1261 1612 sine
1312 1546 1666 1611 auctoritate
1714 1547 1971 1626 tutoriS,
2033 1569 2293 1632 cumque
2345 1551 2744 1615 manumissio

488 1696 691 1740 revera
740 1676 824 1738 sit
870 1675 1185 1757 alienatio,
1239 1676 1664 1740 manumittere
1715 1697 1956 1761 quoque
2023 1698 2133 1740 suo
2185 1677 2382 1742 Marte
2431 1700 2556 1744 non
2607 1685 2746 1765 pot-

488 1808 579 1866 est
608 1801 681 1887 ³).

672 1929 961 1996 Mulieres
1028 1931 1095 1994 in
1166 1931 1376 1996 iisdem
1440 1932 1560 1996 fere
1625 1931 1816 1996 causis
1879 1932 2102 1997 tutoris
2165 1933 2526 2000 auctoritate
2577 1935 2739 2002 indi-

487 2057 713 2145 gebant
746 2059 813 2144 ὃ).

672 2189 956 2253 Attamen
1023 2211 1147 2253 non
1212 2187 1438 2252 suffieit
1487 2186 1728 2273 pupillo
1779 2187 1943 2272 quod
1992 2194 2160 2253 tutor
2209 2190 2576 2255 auctoritate
2625 2215 2737 2257 sua

483 2314 1021 2379 manumissionem
1086 2315 1431 2400 permittat,
1484 2314 1708 2379 etenim
1770 2315 2056 2381 omnibus
2117 2318 2221 2401 qui
2271 2318 2538 2382 minores
2587 2328 2737 2386 sunt

490 2445 573 2506 20
652 2465 947 2507 annorum
1006 2465 1221 2509 causae
1285 2443 1640 2529 probatione
1689 2467 1842 2530 opus
1891 2453 2019 2525 est,
2097 2469 2250 2530 quae
2299 2469 2374 2510 ex
2422 2447 2555 2533 lege
2605 2449 2736 2513 Sal-

488 2591 752 2656 pensana
816 2569 1014 2635 ordini
1080 2571 1469 2658 municipali,
1536 2571 1601 2636 in
1661 2571 1792 2659 jure
1841 2573 2116 2639 Romano
2167 2574 2426 2641 consilio
2479 2598 2555 2642 ex
2603 2577 2736 2663 lege

488 2698 660 2762 Aelia
708 2698 915 2763 Sentia
964 2698 1286 2764 mandatur
1320 2700 1387 2786 ⁴⁸).

674 2824 857 2907 Quod
905 2827 982 2893 ad
1031 2833 1286 2893 aetatem
1335 2826 1503 2893 illam
1557 2830 1640 2893 20
1687 2850 1982 2894 annorum
2017 2829 2268 2911 attinet,
2307 2836 2594 2919 coeptum
2631 2856 2734 2898 an-

630 3224 665 3286 ¹)
737 3223 855 3273 Vide
890 3236 1185 3282 otmarum,
1226 3226 1338 3290 Req.
1381 3224 1564 3276 1—1'7.
1599 3226 1648 3274 et
1685 3224 1776 3289 leg.
1816 3226 1880 3275 24
1918 3225 1979 3275 D.
2015 3226 2074 3275 de
2107 3242 2312 3276 manum.
2349 3228 2478 3280 vind.
2505 3230 2660 3291 (40.2)
2685 3235 2736 3280 et

486 3307 562 3372 leg
598 3310 643 3359 9.
684 3311 707 3369 5
744 3310 769 3358 1
813 3310 868 3361 D.
906 3311 967 3358 de
1000 3314 1181 3359 auctor.
1219 3314 1306 3359 tut.
1344 3312 1518 3373 (26.8).

625 3394 663 3457 ²)
735 3394 851 3443 Vide
906 3395 1026 3445 Inst.
1076 3398 1200 3446 Just.
1253 3396 1355 3445 Lib.
1414 3397 1459 3445 l.
1507 3395 1601 3445 Tit.
1658 3396 1718 3445 21
1780 3412 1850 3461 pr.
1888 3402 1934 3445 et
1971 3410 2160 3455 ouon,
2203 3399 2319 3448 [nst.
2363 3398 2470 3450 Lib.
2507 3401 2553 3450 2.
2590 3403 2613 3460 5
2650 3402 2736 3451 83.

487 3479 716 3544 Exempla
752 3479 1059 3529 inveniuntur
1092 3481 1143 3529 in
1178 3480 1281 3545 lege
1320 3481 1379 3529 13
1419 3482 1441 3541 5
1478 3481 1505 3529 1
1547 3482 1606 3532 D.
1641 3482 1700 3529 de
1734 3482 1934 3532 condiet.
1969 3482 2312 3543 indeb.(12.6)‚
2337 3487 2384 3531 et
2411 3484 2541 3549 apud
2567 3498 2736 3535 namu

486 3565 609 3615 Inet.
645 3566 750 3615 Lib.
789 3566 835 3615 3.
870 3568 892 3625 5
934 3564 1049 3616 171.

622 3650 659 3709 3)
734 3650 851 3701 Vide
887 3664 1074 3707 ouum,
1120 3651 1242 3701 Inst.
1278 3650 1382 3700 Lib.
1420 3652 1469 3701 3.
1509 3654 1532 3713 5
1573 3648 1686 3702 107.
1727 3651 1844 3703 [πεί.
1881 3654 2005 3702 Just.
2043 3651 2145 3701 Lib.
2183 3652 2230 3702 3.
2267 3651 2361 3703 Tit.
2403 3654 2462 3701 19
2502 3655 2524 3715 5
2562 3654 2620 3713 95
2657 3655 2723 3703 ef.

484 3733 576 3799 leg.
614 3736 644 3784 9
681 3752 753 3801 pr.
792 3737 852 3785 D.
886 3737 945 3785 de
982 3739 1107 3785 auct.
1146 3740 1235 3786 tut.
1273 3736 1452 3799 (26.8).

624 3819 663 3881 4)
737 3821 855 3870 Vide
890 3822 1021 3870 locos
1060 3825 1159 3871 not.
1196 3821 1241 3869 3.
1280 3821 1467 3869 citatos.

620 3904 655 3963 5)
729 3906 801 3955 Cf.
842 3905 1039 3955 eandem
1076 3905 1225 3970 legem
1264 3906 1293 3954 9
1345 3921 1417 3969 pr.
1454 3907 1475 3965 5
1518 3905 1562 3953 1.
1603 3905 1658 3954 D.
1695 3904 1753 3953 de
1789 3908 1914 3955 auct.
1951 3908 2040 3953 tat.
2079 3904 2236 3965 (26.8)
2274 3904 2464 3969 saepius
2499 3906 2720 3965 citatam,

488 3989 593 4041 vide
629 4006 815 4055 quoque
848 3994 968 4041 Inst.
1004 3994 1127 4041 Just.
1167 3990 1271 4041 Lib.
1308 3990 1337 4038 2
1374 3990 1470 4039 Tit.
1507 3990 1536 4039 8
1574 3990 1596 4049 5
1635 3990 1680 4039 2.

622 4076 659 4139 ⁶)
734 4076 851 4124 Vide
904 4088 1093 4133 aarum,
1152 4078 1275 4125 Inst.
1311 4075 1415 4124 Lib.
1452 4075 1480 4122 3
1522 4076 1544 4135 5
1586 4074 1712 4131 1083
1775 4074 1834 4123 cf.
1872 4073 1974 4124 Lib.
2013 4074 2042 4122 2
2079 4076 2101 4133 5
2139 4074 2375 4133 80-86,
2431 4086 2730 4135 onerarent,

484 4162 595 4228 Req.
634 4160 729 4211 Tit.
770 4162 827 4209 11
868 4163 889 4221 5
928 4160 989 4212 27
1029 4166 1075 4209 et
1111 4162 1573 4225 nosrrunrfraqm.
1609 4160 1630 4219 5
1672 4156 1855 4221 1507.)
2665 4194 2674 4200 .

626 4247 661 4307 1)
731 4245 851 4295 Vide
888 4246 979 4309 leg.
1016 4246 1046 4293 9
1081 4248 1103 4307 5
1143 4247 1189 4295 1.
1224 4246 1283 4295 D.
1321 4246 1382 4293 de
1415 4248 1544 4295 auec.
1579 4248 1672 4293 tut.
1712 4244 1900 4306 (26.8);
1946 4244 2004 4292 ef.
2045 4256 2208 4291 emm
2245 4242 2368 4293 [πεί.
2395 4244 2504 4295 Lib.
2541 4244 2566 4292 l
2605 4244 2730 4300 538.

482 4334 557 4383 De
592 4332 794 4382 consilio
831 4331 915 4380 illo
954 4332 1069 4395 legis
1116 4330 1278 4379 Aeliae
1314 4330 1531 4387 Seni-iae,
1571 4329 1630 4378 de
1666 4328 1824 4379 causis
1862 4344 1981 4393 quae
2015 4328 2171 4392 justae
2207 4328 2538 4387 habebantur,
2579 4332 2727 4389 caet„

479 4420 579 4483 jam
615 4418 877 4483 disputavi,
925 4417 1007 4466 ubi
1043 4414 1359 4466 ministerium
1394 4413 1578 4467 ordinis
1614 4412 1914 4479 municipalis
1948 4412 2000 4462 iu
2038 4428 2180 4463 eausa
2217 4412 2601 4463 manumissionis
2643 4430 2732 4465 ex·

484 4503 655 4570 posui3
694 4502 802 4552 vide
828 4516 975 4568 supra
1003 4501 1131 4551 Dies.
1170 4516 1217 4565 p.
1256 4500 1347 4563 81,
1386 4500 1465 4549 82.
