3027 5263
1325 635 1406 694 93

422 830 644 915 Neque
693 827 990 893 eiusmodi
1039 827 1244 892 cautio
1290 827 1356 891 in
1389 826 1741 912 municipiis
1772 828 1993 891 nostris
2023 833 2264 894 tantum
2298 832 2491 915 requi·

233 959 517 1037 rebatur;
583 957 649 1020 in
698 955 972 1041 Digestis
1043 954 1208 1018 enim
1259 954 1498 1039 saepius
1547 953 1781 1018 mentio
1830 958 1922 1019 est
1972 955 2275 1020 cautionis
2324 980 2495 1043 prae·

237 1087 488 1152 standae
521 1108 556 1149 a
587 1082 1042 1169 magistratibus
1074 1080 1549 1167 municipalibus
1592 1080 1634 1165 ¹)
1652 1104 1671 1158 3
1706 1081 1935 1144 Romae
1958 1087 2194 1163 tamen,
2224 1090 2295 1148 ut
2327 1084 2491 1149 vide-

237 1221 380 1293 tur,
427 1236 557 1279 rem
602 1210 912 1297 publicam
974 1210 1202 1273 salvam
1249 1207 1379 1272 fore
1427 1213 1498 1272 ut
1547 1213 1858 1272 caveretur
1919 1229 2045 1272 non
2095 1208 2487 1295 exigebatur;

238 1363 542 1427 nusquam
575 1339 738 1407 enim
777 1337 1032 1403 refertur
1065 1336 1138 1400 de
1172 1335 1454 1400 cautione
1487 1357 1523 1398 a
1557 1334 2003 1419 magistratibus
2038 1335 2196 1400 data.
2293 1336 2491 1403 Causa

242 1471 498 1536 fortasse
530 1467 679 1544 fuit,
734 1464 900 1552 quod
931 1486 1053 1528 nou
1090 1463 1264 1527 facile
1296 1462 1547 1548 praedes
1576 1463 1721 1526 satis
1744 1462 2077 1548 locupletes
2106 1464 2365 1529 inveniri
2390 1488 2495 1552 po-

239 1597 504 1662 tuissent
550 1594 628 1658 ad
675 1613 924 1679 magnas
972 1590 1264 1677 pecuniae
1304 1611 1573 1653 summas
1620 1588 2047 1673 praestandas,
2084 1612 2235 1673 quas
2268 1592 2488 1679 magis-

240 1731 440 1790 tratus
491 1720 750 1786 Romani
797 1718 1158 1784 tractabant.
1255 1716 1427 1782 Num
1499 1716 1692 1801 igitur
1746 1716 1875 1779 sine
1909 1716 2036 1782 ulla
2078 1719 2360 1784 cautione
2391 1742 2493 1805 pe-

245 1852 432 1918 cunia
478 1848 722 1935 publica
770 1848 996 1911 Romae
1046 1842 1497 1930 magistratibus
1546 1841 2082 1908 committebatur?
2138 1845 2342 1910 Nemo
2374 1846 2491 1911 hoc

245 1977 591 2045 contendet.
690 1974 1045 2041 Meminisse
1115 1978 1314 2037 tamen
1367 1976 1606 2057 oportet
1652 1971 2038 2056 magistratus
2084 1971 2316 2037 Romae
2365 1980 2493 2040 tam

240 2105 468 2170 liberos
536 2125 664 2168 non
735 2101 924 2166 fuisse
995 2101 1062 2164 in
1118 2097 1430 2184 republica
1498 2098 1763 2183 gerenda
1819 2120 2004 2183 quam
2053 2100 2325 2165 Malacae
2392 2123 2492 2166 eos

238 2234 429 2299 fuisse
477 2229 808 2317 apparebit.
905 2229 1162 2293 Senatus
1223 2228 1386 2292 enim
1435 2248 1647 2291 eorum
1696 2226 2209 2291 administrationi
2258 2230 2494 2314 prospi-

245 2360 483 2438 ciebat,
529 2360 655 2423 imo
707 2358 839 2421 sine
865 2357 1030 2421 iussu
1056 2355 1316 2419 Senatus
1348 2354 1675 2439 quicquam
1707 2375 1783 2417 ex
1814 2354 2045 2419 aerario
2072 2360 2493 2439 praeterquam

243 2484 602 2553 consulibus
634 2484 863 2549 solvere
896 2487 1245 2568 quaestores
1271 2480 1750 2567 prohibebantur
1775 2480 1847 2566 ²).
1898 2480 2217 2546 Praeterea
2242 2481 2493 2547 honoris

243 2614 402 2702 gesti
453 2611 714 2679 rationes
776 2610 937 2696 exigi
983 2609 1220 2697 ipsique
1293 2608 1563 2673 accusari
1606 2614 1883 2695 poterant
1918 2608 1986 2693 ³).
2086 2609 2224 2675 Hoc
2272 2610 2453 2676 modo
2472 2658 2491 2690 ,

245 2742 528 2828 quamvis
578 2741 780 2806 cautio
843 2739 1071 2804 Romae
1121 2737 1595 2813 desideraretur,
1647 2737 2023 2821 praesidium
2070 2743 2273 2802 tamen
2325 2761 2492 2824 para·

243 2877 384 2936 tum
432 2874 556 2934 erat
589 2874 800 2932 contra
847 2866 1122 2931 fraudem
1161 2865 1256 2930 vel
1298 2864 1556 2928 nimiam
1589 2865 2050 2949 magistratuum
2077 2865 2497 2950 profusionem

245 2996 347 3062 vel
393 2993 846 3080 negligentiam.

436 3123 531 3186 Eo
578 3141 929 3206 progressus
977 3140 1110 3183 sum
1158 3123 1229 3182 ut
1277 3118 1346 3181 in
1393 3117 1621 3181 variam
1668 3122 2035 3202 potestatem
2076 3119 2363 3203 variaque
2411 3119 2499 3184 of-

241 3250 390 3316 ficia
436 3249 895 3334 magistratuum
937 3246 1397 3331 municipalium
1421 3247 1746 3331 inquiram.
1798 3246 2049 3310 Prorsus
2080 3246 2143 3311 in
2178 3246 2291 3310 hac
2318 3269 2498 3312 causa

245 3378 540 3443 differunt
585 3377 748 3440 inter
794 3398 856 3440 se
901 3374 1120 3453 IIviri,
1170 3374 1389 3439 aediles
1423 3380 1483 3438 et
1516 3379 1905 3458 quaestor-ea,
1955 3374 2251 3440 nonnulla
2292 3381 2498 3440 tamen

241 3507 458 3592 legum
507 3505 729 3590 placita
778 3503 852 3568 ad
902 3524 1110 3568 omnes
1157 3502 1471 3567 referenda
1520 3508 1683 3567 sunt.

435 3633 664 3698 Omnes
711 3631 1098 3717 magistratus
1164 3630 1434 3694 Malacae
1501 3629 1691 3694 annui
1741 3634 1915 3694 erant
1970 3636 2389 3716 praeterquam
2444 3631 2499 3694 si

239 3763 312 3826 in
361 3759 564 3824 locum
613 3757 862 3824 alterius
913 3762 1086 3822 erant
1132 3757 1315 3822 creati
1351 3757 1424 3842 4).

393 4045 429 4107 ¹)
499 4044 618 4092 vide
651 4043 746 4109 leg.
783 4043 813 4092 2
839 4047 862 4106 ς
887 4045 944 4101 5,
981 4043 1072 4108 leg.
1100 4044 1162 4093 11
1188 4059 1293 4109 pr.‚
1314 4043 1407 4107 leg.
1445 4042 1508 4094 17
1537 4043 1595 4094 D.
1620 4044 1691 4092 ad
1708 4043 1882 4094 munio.
1910 4043 2066 4106 (50.1)
2102 4045 2152 4092 et
2183 4042 2338 4107 legem
2364 4044 2499 4094 unic.

240 4130 368 4182 eod.
409 4129 471 4178 de
493 4129 712 4191 periculo
746 4145 908 4178 eorum
943 4131 1026 4193 qui
1053 4145 1143 4192 pro
1175 4146 1303 4194 may.
1338 4130 1549 4193 (11.34);
1589 4129 1791 4179 addatur
1813 4128 1890 4178 lex
1917 4130 1980 4179 68
2006 4144 2085 4194 pr.
2125 4130 2187 4180 D.
2216 4130 2275 4179 de
2292 4129 2502 4192 fidejus·-

238 4214 433 4264 mribus
473 4214 647 4276 (46.1).
1522 4245 1527 4249 -

389 4297 428 4360 ²)
498 4297 619 4346 Vide
654 4311 935 4357 pomarum,
977 4298 1038 4355 6,
1073 4297 1190 4362 Cap.
1231 4298 1322 4359 12,
1362 4298 1442 4348 13.

388 4381 428 4444 ³)
498 4383 572 4432 cf.
607 4396 708 4431 mv.
763 4383 818 4440 3,
859 4384 942 4432 31.
988 4386 1046 4442 4,
1101 4387 1185 4434 44.
1259 4385 1336 4432 De
1382 4383 1475 4433 hoe
1522 4386 1805 4448 argumento
1841 4383 1948 4434 vide
1983 4399 2031 4437 11.
2071 4397 2404 4443 macomus,
2443 4385 2500 4434 in

240 4470 435 4536 Operez
469 4468 560 4516 Les
592 4469 706 4518 Lois
745 4468 1044 4519 Crimine-llos
1077 4469 1160 4518 des
1193 4469 1434 4522 Romaim.
1471 4469 1611 4520 Paris
1650 4471 1800 4520 1845.

389 4552 431 4617 4)
501 4553 620 4602 Vide
655 4553 773 4618 Cap.
811 4555 875 4605 52
911 4555 1028 4619 leqis
1065 4553 1184 4606 Mae.

2195 4253 2223 4280 Ι
