3027 5263
1383 598 1510 659 143

314 789 548 855 alterve
595 810 670 854 ex
700 788 778 854 iis
809 788 1067 876 professi
1117 786 1331 853 sunt.”
1378 787 1535 855 Inde
1568 788 1733 855 enim
1764 790 2153 877 perspicuum
2186 795 2258 859 fit
2280 796 2448 881 quod
2494 818 2567 863 ex

319 915 537 1002 Capite
574 918 656 980 60
693 916 845 1003 legis
876 916 1281 981 Malacitanae
1305 916 1435 1001 jam
1469 916 1827 1002 collegeram
1858 917 1989 1002 (ubi
2014 919 2089 984 de
2116 921 2398 987 cautione
2422 946 2571 1009 „pe-

319 1042 570 1107 cuniam
597 1064 980 1109 communem
1007 1044 1231 1108 salvam
1259 1042 1423 1107 fore”
1464 1043 1607 1108 solis
1644 1044 1946 1110 aedilibus
1974 1046 2225 1111 remissa
2242 1047 2569 1135 disputavi)

319 1167 554 1233 nullam
627 1170 876 1234 omnino
947 1170 1242 1255 pecuniae
1305 1168 1587 1255 publicae
1636 1169 2225 1238 administrationem
2273 1175 2570 1241 aedilibus

319 1296 699 1379 competiisse
716 1320 736 1372 3
814 1296 1203 1381 caeteroquin
1250 1296 1414 1361 enim
1485 1318 1733 1363 necesse
1804 1320 1931 1363 non
1998 1299 2217 1365 fuisset
2290 1307 2359 1366 ut
2404 1304 2572 1389 apud

321 1418 555 1486 IIviros
601 1422 824 1489 multas
870 1424 1321 1509 profiterentur.

509 1551 738 1615 Romae
807 1572 905 1615 res
980 1570 1108 1613 sese
1173 1548 1346 1613 aliter
1391 1546 1609 1612 habuit
1622 1574 1643 1626 3
1712 1550 1969 1634 pecunia
2019 1552 2182 1617 enim
2229 1554 2569 1622 multaticia

323 1675 628 1743 aedilibus
677 1675 1118 1741 concedebatur
1158 1679 1229 1739 ut
1276 1696 1458 1759 opera
1503 1674 1749 1759 publica
1780 1678 2153 1742 conficienda
2188 1688 2472 1746 curarent
2502 1683 2566 1767 ¹).

514 1803 702 1868 Plura
725 1803 800 1867 de
828 1802 1119 1867 aedilium
1145 1806 1446 1887 potestate
1467 1802 1533 1865 in
1558 1801 1691 1887 lege
1724 1803 2095 1871 Malacitana
2118 1812 2178 1871 et
2202 1806 2572 1894 Salpensana

325 1951 455 1994 non
501 1929 827 1995 traduntur
857 1930 908 2015 2)
931 1978 950 2009 ,
1001 1950 1187 2014 quam
1236 1926 1314 1993 ob
1368 1950 1498 1995 rem
1546 1929 1622 1993 ad
1672 1937 2015 2014 quaestores
2064 1934 2318 2000 transire
2364 1934 2566 2001 liceat.

1351 2162 1553 2173 ——

1083 2306 1122 2381 §
1153 2305 1214 2370 4.
1256 2306 1343 2365 De
1381 2302 1825 2371 Quaestor-ibus.

517 2561 844 2648 Praecepta
915 2582 1210 2650 perpauca
1280 2568 1523 2628 tantum
1596 2563 1673 2627 ad
1736 2584 1835 2627 eos
1882 2562 2251 2650 pertinentia
2298 2564 2397 2630 lex
2443 2565 2572 2631 Sal-

328 2709 602 2776 pensana
647 2694 710 2752 et
757 2689 1127 2753 Malacitana
1177 2690 1515 2754 continent.

521 2815 719 2899 Supra
781 2815 907 2899 jam
979 2816 1244 2881 indicavi
1311 2839 1347 2881 a
1411 2815 1755 2880 candidatis
1818 2822 1942 2880 tam
1992 2824 2346 2902 quaesturae
2393 2842 2601 2905 quam.

330 2940 635 3006 IIviratus
685 2942 1033 3006 cautionem
1081 2943 1244 3027 exigi
1309 2942 1677 3027 „pecuniam
1746 2942 2056 3026 publicam
2105 2945 2334 3010 salvam
2390 2946 2579 3012 fore.'’

329 3066 490 3132 Inde
537 3067 817 3152 apparuit
863 3067 1096 3132 IIviros
1145 3075 1206 3132 et
1235 3062 1603 3153 'quaestores
1635 3029 1955 3153 &cuniam
1991 3092 2375 3138 communem
2420 3079 2578 3138 trac-

332 3200 480 3258 tare.
531 3192 698 3274 Quid
747 3194 982 3280 igitur}>
1029 3217 1180 3261 num
1227 3194 1440 3260 eodem
1483 3217 1731 3260 munere
1763 3195 2163 3281 funguntur?
2212 3199 2361 3264 Non
2393 3206 2577 3285 put03

331 3319 752 3407 quaestoribus
802 3343 1005 3386 curam
1054 3322 1269 3386 aerarii
1330 3321 1564 3407 publici
1614 3323 1963 3388 mandatam
2027 3347 2151 3389 esse
2200 3325 2415 3411 opinor
2464 3325 2579 3391 sub

329 3446 581 3526 IIviris,
619 3446 704 3511 ita
738 3451 809 3510 ut
839 3447 1030 3512 IIviri
1057 3447 1346 3532 jubeant,
1397 3454 1741 3533 quaestores
1769 3472 1907 3514 vero
1925 3451 2095 3535 jussa
2119 3451 2363 3517 faciant.
2415 3452 2585 3517 Haec

335 3574 688 3658 conjectura
731 3573 953 3638 nititur
993 3575 1295 3660 imprimis
1320 3575 1512 3660 gradu
1537 3598 1605 3640 ac
1636 3576 2082 3641 necessitudine
2116 3579 2383 3642 muneris
2416 3578 2583 3662 quod

331 3700 546 3766 Hviris
586 3722 726 3765 cum
751 3702 1171 3784 quaestoribus
1200 3702 1555 3780 intercedit,
1582 3709 1713 3767 tum
1738 3702 1891 3788 legis
1917 3703 2321 3768 Malacitanae
2338 3704 2583 3789 placitis

333 3847 493 3913 quae
519 3825 592 3890 de
616 3826 944 3892 referendis
970 3827 1094 3892 sive
1117 3828 1526 3894 locationibus
1550 3829 1673 3894 sive
1699 3829 1912 3893 multis
1938 3829 2004 3893 in
2028 3829 2269 3894 tabulas
2299 3830 2578 3917 publicas

379 4107 386 4111 .
482 4059 518 4123 ¹)
588 4059 706 4108 Vide
756 4073 962 4120 mvruu,
1022 4062 1129 4112 Lib.
1185 4063 1248 4112 10
1303 4063 1418 4127 Gap.
1474 4064 1557 4112 33.
1594 4063 1705 4112 Lib.
1741 4062 1804 4114 27
1842 4064 1960 4128 Cap.
1998 4063 2044 4111 6.
2080 4063 2189 4114 Lib.
2226 4065 2308 4114 30.
2344 4064 2461 4130 Cap.
2500 4066 2584 4116 89.

335 4145 446 4196 Lib.
485 4144 566 4194 31.
602 4143 721 4204 Cal).
757 4145 837 4196 50.
871 4144 976 4196 Lib.
1015 4147 1098 4197 33.
1135 4147 1250 4212 Cap.
1288 4148 1371 4197 25.

480 4227 520 4287 ²)
590 4229 772 4278 Eorum
819 4230 977 4278 officia
1030 4231 1280 4295 descripsit
1327 4244 1643 4280 numanus
1678 4231 1728 4279 in
1764 4230 1868 4301 lege
1902 4230 2044 4280 unica
2078 4230 2139 4280 D.
2174 4232 2235 4280 de
2268 4232 2345 4280 via
2374 4233 2505 4294 publ.
2540 4237 2586 4281 et

336 4312 385 4362 ei
419 4311 537 4375 quid
567 4313 755 4374 (43.10)
792 4313 853 4364 cf.
889 4327 1077 4364 Dunois
1111 4315 1161 4363 in
1203 4316 1286 4378 Op.
1325 4315 1359 4364 Z.
1395 4331 1442 4378 p.
1485 4315 1600 4363 123.
1644 4313 1768 4381 1241,
1808 4328 1866 4362 ex
1901 4314 2249 4377 antiquioribus
2272 4315 2363 4364 EV.
2383 4327 2509 4364 or'ro
2530 4315 2585 4363 in

341 4395 525 4460 Opere:
563 4396 624 4445 de
658 4395 904 4448 Aedilibus
939 4399 1232 4448 coloniarum
1267 4403 1313 4448 et
1346 4398 1724 4461 municipiorum.
1760 4397 1891 4461 Traj.
1926 4399 1986 4446 ad
2022 4397 2241 4448 Rhenum
2280 4398 2431 4450 1732.
2465 4399 2585 4463 Cap.

344 4481 409 4528 13
448 4495 498 4544 p.
535 4481 647 4532 461.
