3027 5263
1386 580 1511 641 139

313 774 475 839 duos
522 794 660 837 vero
710 772 968 852 aediles,
1003 770 1174 835 addit
1221 770 1313 835 vir
1360 770 1433 834 cl.
1471 770 1546 854 ι);
1601 769 1811 849 „Mais
1858 775 2015 835 cette
2049 770 2312 836 division
2344 772 2570 836 d’attri-

315 900 571 966 butions
594 897 953 984 n'empeche
1000 920 1110 984 pas
1157 896 1342 983 qu’on
1387 918 1466 961 ne
1494 895 1586 960 les
1636 896 1873 981 appelle
1922 897 2304 984 quelquefois
2348 896 2567 962 IVviri

308 1028 438 1113 juri
510 1026 777 1091 dicundo
851 1031 913 1089 et
984 1024 1083 1089 IV
1087 1024 1200 1089 viri
1272 1022 1586 1088 aediliciae
1658 1023 1982 1107 potestatis
2044 1030 2104 1089 et
2168 1046 2322 1109 pour
2370 1023 2569 1109 quelle

314 1154 555 1234 raison,
611 1154 664 1217 si
727 1174 853 1217 non
903 1174 1023 1237 que
1086 1151 1176 1216 les
1245 1172 1364 1215 uns
1414 1148 1736 1235 suppleent
1782 1150 1871 1215 les
1920 1158 2119 1216 autres
2168 1174 2245 1216 au
2294 1149 2567 1216 besoin.”

317 1280 634 1345 Postrema
699 1280 850 1343 haec
896 1277 1077 1343 verba
1148 1277 1426 1341 indicant
1474 1299 1595 1361 qua
1642 1299 1706 1342 re
1754 1275 2117 1362 Salpensae‚
2169 1277 2278 1342 ubi
2321 1298 2568 1361 quoque

316 1406 550 1471 IIviros
625 1410 686 1470 et
759 1404 982 1470 aediles
1049 1426 1490 1489 nonnunquam
1558 1403 1880 1489 collegium
1928 1404 2123 1468 facere
2170 1404 2349 1483 dicit,
2402 1425 2568 1488 prae-

314 1533 492 1598 fectis
539 1554 666 1597 non
715 1554 874 1617 opus
924 1531 1117 1597 fuisse
1166 1537 1424 1597 censeat.
1502 1531 1720 1596 Habeo
1768 1553 1924 1616 quae
1972 1531 2117 1595 huic
2165 1530 2567 1616 disputationi

317 1680 652 1745 opponam.

503 1784 583 1851 In
654 1783 870 1849 multis
943 1805 1085 1848 sane
1159 1783 1515 1868 municipiis
1588 1789 1650 1847 et
1705 1784 1957 1848 coloniis
2007 1789 2269 1869 quatuor
2315 1784 2567 1849 aderant

315 1910 708 1997 magistratus
733 1910 782 1995 ²)
801 1958 822 1989 ,
881 1910 988 1994 qui
1035 1909 1247 1975 eodem
1293 1910 1542 1974 nomine
1590 1909 2257 1994 comprehendebantur
2304 1918 2365 1975 et
2412 1910 2567 1975 eius-

317 2040 459 2104 dem
507 2037 748 2123 collegii
795 2042 966 2103 erant
1013 2036 1374 2122 participes,
1411 2058 1623 2102 verum
1668 2042 1873 2102 tamen
1921 2010 2101 2122 plane
2150 2037 2386 2102 diverso
2434 2059 2565 2103 mu·

314 2187 465 2231 nere
512 2162 946 2250 fungebantur.
1043 2164 1273 2229 Eorum
1321 2163 1446 2228 duo
1495 2169 1667 2229 erant
1713 2164 1902 2228 IIviri
1951 2165 2058 2249 qui
2097 2164 2198 2248 jus
2248 2164 2559 2244 dicebant,

317 2293 444 2357 duo
492 2291 715 2356 aediles
750 2292 859 2375 qui
892 2312 1099 2355 curam
1134 2290 1400 2372 viarum,
1434 2297 1550 2356 cet.
1602 2291 1884 2376 agebant.
1965 2292 2114 2356 Tam
2155 2290 2340 2355 IIviri
2375 2312 2561 2375 quam

317 2419 544 2485 aediles
595 2424 768 2482 erant
821 2416 1031 2482 IVviri
1047 2466 1068 2497 ,
1136 2440 1274 2483 cum
1324 2424 1532 2483 tamen
1578 2440 1703 2482 non
1777 2418 1990 2483 eodem
2054 2440 2303 2483 munere
2347 2419 2561 2503 funge-
2662 2460 2668 2469 -

315 2552 561 2622 rentur,
629 2544 850 2609 aediles
916 2544 1288 2611 vocabantur
1351 2544 1567 2609 Ivviri
1614 2545 1927 2610 aedilicias
1974 2546 2320 2630 potestatis,
2370 2545 2561 2610 IIviri

309 2695 454 2739 vero
502 2672 718 2737 IVviri
759 2673 885 2757 juri
933 2672 1222 2737 dicundo.
1319 2673 1727 2758 Appellantur
1780 2675 1977 2760 igitur
2032 2674 2143 2740 illo
2191 2675 2439 2738 nomine
2486 2680 2556 2738 ut

311 2801 588 2866 diversae
636 2805 838 2885 partes
885 2801 1202 2884 potestatis
1251 2799 1620 2864 indicentur.

495 2926 814 3012 Salpensae
861 2947 1067 2990 revera
1114 2948 1557 3011 nonnunquam
1605 2926 1795 2990 IIviri
1843 2933 1903 2991 et
1952 2917 2173 2993 aediles
2221 2927 2554 2992 communi·

305 3061 404 3120 ter
477 3022 702 3140 agunt,
781 3074 884 3116 eos
932 3057 1136 3117 tamen
1183 3074 1311 3117 non
1360 3052 1568 3118 eadem
1616 3053 1883 3118 muneris
1930 3059 2099 3138 parte
2147 3053 2326 3139 fungi
2374 3076 2555 3138 supra

300 3181 430 3268 jam
509 3178 759 3264 exposui
775 3204 794 3257 3
870 3177 1034 3242 unde
1114 3179 1553 3264 praefectorum
1624 3180 1975 3246 institutum
2046 3202 2556 3266 supervacaneum

309 3330 434 3373 non
485 3329 610 3372 esse
659 3305 942 3391 apparuit
970 3305 1042 3390 ³).

496 3434 592 3498 Ex
639 3433 716 3497 iis
767 3455 922 3518 quae
973 3455 1156 3518 supra
1205 3433 1515 3520 disputata
1563 3441 1709 3501 sunt
1757 3437 1874 3501 hoc
1922 3458 2165 3522 quoque
2212 3435 2389 3500 nobis
2425 3435 2553 3520 jam

305 3561 590 3648 apparuit
643 3559 841 3623 IIviro
897 3582 1021 3623 non
1070 3559 1255 3625 licere
1305 3563 1574 3646 quemvis
1621 3564 1993 3648 praefectum
2036 3563 2254 3648 eligere
2271 3588 2291 3640 3
2328 3567 2398 3625 ut
2446 3562 2555 3626 ali·

303 3689 480 3756 cuius
525 3687 682 3752 ratio
716 3686 922 3752 haberi
969 3694 1209 3773 posset,
1259 3690 1450 3774 major
1499 3711 1625 3754 esse
1694 3689 1954 3755 debebat
2006 3693 2089 3754 35
2143 3711 2441 3756 annorum
2489 3696 2550 3755 et

301 3819 558 3902 insuper
615 3815 845 3880 ordinis
907 3815 1250 3902 particeps3
1301 3817 1410 3902 qui
1456 3817 1597 3882 talis
1648 3793 2020 3883 condicionis
2069 3823 2161 3883 est
2212 3817 2550 3904 praefectus

446 4221 484 4284 ¹)
555 4221 614 4270 In
649 4219 826 4286 Opere:
866 4223 934 4270 les
971 4223 1128 4272 Dables
1163 4239 1212 4287 p.
1253 4223 1345 4282 21,
1385 4224 1449 4274 22
1485 4228 1573 4273 not
1611 4223 1689 4275 17.

441 4307 482 4368 ²)
549 4304 872 4356 Nihilominus
922 4311 1081 4358 tamen
1134 4309 1214 4358 ubi
1268 4312 1380 4360 sunt
1429 4309 1593 4376 plures
1646 4326 1988 4374 nonnunquam
2036 4327 2202 4364 omnes
2236 4310 2546 4376 magistratus

296 4393 464 4445 IVviri
498 4393 750 4452 dicuntur;
785 4394 892 4444 vide
927 4407 1095 4446 zum’r
1129 4397 1180 4446 in
1220 4398 1470 4448 Commeat.
1507 4398 1764 4463 Epiffivph.
1800 4399 1827 4447 Ι
1863 4415 1909 4462 p.
1950 4397 2065 4448 165.

441 4477 478 4540 ³)
550 4478 670 4528 Vide
707 4479 837 4531 Diu.
874 4495 922 4545 p.
961 4481 1056 4531 101
1095 4485 1194 4533 not.
1236 4482 1288 4534 3.
