3027 5263
1618 561 1701 624 74

529 754 810 842 eligendo
857 776 1050 821 sermo
1096 760 1190 821 est
1233 755 1300 819 in
1347 754 1559 821 ordine
1607 753 1995 841 municipali,
2049 757 2335 843 majorem
2366 763 2605 844 partem
2637 781 2785 846 pos-

531 881 718 946 tulari
763 904 840 947 ex
886 888 1154 948 veterum
1201 881 1567 947 testimoniis
1619 887 1861 947 constat
1895 882 1957 968 ¹).
2034 881 2102 947 Si
2151 889 2457 970 praeterea
2506 885 2793 951 videmus

532 1008 598 1072 in
649 1007 766 1071 alia
810 1009 1004 1095 ipsius
1050 1009 1201 1094 legis
1249 1009 1651 1074 Malacitanae
1707 1015 1877 1095 parte
1924 1010 2209 1094 majorem
2258 1017 2488 1096 partem
2541 1012 2787 1078 decuri-

531 1155 719 1198 onum
767 1136 1115 1220 requisitam
1154 1136 1340 1200 fuisse
1388 1135 1480 1200 uti
1533 1136 1669 1221 quis
1700 1135 2063 1221 eligeretur,
2109 1135 2367 1202 dubium
2398 1160 2527 1204 esse
2560 1139 2782 1224 nequit

534 1261 684 1345 quin
732 1261 849 1327 hoc
895 1284 1136 1348 quoque
1184 1263 1318 1327 loco
1366 1263 1576 1327 eadem
1626 1285 1763 1348 pars
1810 1263 2148 1329 necessaria
2193 1263 2401 1330 fuerit.

718 1389 906 1454 Hisce
953 1389 1299 1474 praemissis
1319 1437 1337 1467 ‚
1388 1389 1699 1454 videamus
1748 1389 1824 1454 de
1870 1394 2169 1475 potestate
2185 1437 2205 1468 ,
2250 1411 2375 1474 qua
2406 1389 2605 1456 utitur
2634 1391 2785 1458 ordo

531 1514 806 1582 Malacae
845 1523 907 1581 et
953 1516 1270 1602 Salpensae
1287 1542 1306 1594 ς
1354 1517 1595 1601 magni,
1646 1519 1718 1580 ut
1766 1515 2042 1595 videtur,
2094 1517 2387 1582 momenti
2435 1523 2586 1581 sunt
2617 1539 2782 1584 com·

529 1641 708 1728 plura
752 1644 961 1730 legum
1005 1644 1237 1728 placita
1283 1665 1438 1728 quae
1487 1641 1569 1706 ad
1601 1644 1758 1708 hanc
1808 1665 2052 1708 causam
2100 1644 2445 1730 pertinent,
2511 1667 2782 1729 quorum

529 1790 686 1853 quae
732 1771 806 1833 de
871 1769 1293 1855 jurisdictione
1341 1769 1599 1834 Senatus
1648 1776 1841 1856 agunt
1886 1770 2105 1836 ceteris
2153 1771 2517 1857 praecellere
2568 1771 2782 1836 viden-

531 1902 652 1960 tur.
733 1895 891 1960 Inde
937 1895 1130 1980 igitur
1175 1896 1446 1982 incipere
1495 1896 1583 1960 fas
1632 1903 1745 1961 est.

719 2020 932 2108 Capite
983 2025 1064 2086 66
1117 2022 1271 2108 legis
1317 2023 1723 2088 Malacitanae
1768 2023 1839 2088 II
1879 2023 2021 2088 viris
2086 2031 2147 2088 et
2204 2023 2503 2088 aedilibus
2550 2025 2785 2090 multae

531 2148 862 2214 dictionem
927 2149 1312 2235 competiisse
1361 2150 1647 2214 docemur
1664 2174 1684 2228 ς
1750 2172 1950 2235 neque
1999 2157 2203 2215 tamen
2252 2149 2425 2215 omni
2472 2151 2781 2236 praesidio

530 2275 814 2341 adversus
878 2275 1302 2362 magistratum
1374 2277 1482 2362 qui
1555 2277 1809 2342 multam
1884 2277 2039 2342 dixit
2084 2277 2447 2342 Malacitani
2495 2279 2779 2343 destituti

529 2409 709 2468 sunt:
772 2404 826 2467 is
891 2403 1058 2470 enim
1127 2405 1229 2469 cui
1294 2404 1493 2469 multa.
1554 2409 1645 2468 est
1706 2403 2027 2490 imposita,
2080 2405 2131 2468 si
2178 2404 2409 2488 injusta
2456 2405 2779 2484 videatur,

527 2550 856 2616 provocare
928 2535 1132 2615 potest
1202 2528 1278 2595 ad
1343 2529 1664 2595 Ordinem.
1760 2531 1861 2596 Ita
1918 2531 2085 2596 enim
2148 2531 2378 2617 legitur
2441 2532 2558 2596 hoc.
2601 2531 2777 2598 loco:

529 2656 638 2735 „Si
686 2658 787 2721 cui
833 2678 902 2722 ea
948 2657 1143 2721 multa
1191 2657 1356 2722 dicta
1401 2663 1509 2722 aut
1556 2659 1802 2723 nomine
1851 2658 1985 2723 eius.
2026 2658 2182 2723 alius
2229 2658 2565 2744 postulabit
2593 2666 2671 2724 ut
2702 2660 2778 2725 de

529 2806 600 2848 ea
645 2806 712 2849 re
759 2784 836 2849 ad
883 2784 1244 2849 decuriones
1293 2786 1745 2871 conscriptosve
1790 2786 2111 2864 referatur,
2166 2786 2240 2849 de
2273 2808 2342 2849 ea
2375 2785 2778 2853 decurionum

533 2910 1084 2997 conscriptorumve
1125 2912 1426 2998 judicium
1475 2910 1669 2977 est0.'’
1763 2911 2033 2976 Effectus
2080 2912 2529 2997 provocationis
2562 2920 2661 2978 est
2707 2918 2777 2978 ut

531 3038 832 3105 iudicium
903 3040 1296 3127 magistratus
1359 3038 1737 3103 rescindatur
1800 3045 1907 3104 aut
1957 3041 2362 3105 confirmetur.
2462 3040 2534 3105 Si
2582 3041 2777 3105 multa

531 3164 696 3229 dicta
727 3188 762 3229 a
807 3166 878 3230 Π
909 3166 1038 3231 viro
1085 3188 1214 3231 non
1259 3166 1539 3231 videatur
1563 3166 1787 3251 injusta
1820 3165 2252 3233 decurionibus
2274 3215 2295 3246 ,
2318 3166 2389 3231 II
2412 3167 2507 3234 vir
2526 3166 2781 3253 jubetur

530 3290 598 3355 in
644 3290 964 3377 publicum
1011 3314 1144 3358 eam
1198 3293 1470 3379 redigere
1503 3294 1571 3379 2).

672 3516 710 3581 ¹)
779 3519 869 3567 vid
921 3518 1000 3585 leg
1043 3521 1094 3571 3.
1143 3522 1202 3571 D.
1249 3524 1373 3586 quod
1405 3522 1630 3586 cuiusque
1662 3522 1788 3572 univ.
1825 3522 1963 3583 (3.4.)
2000 3520 2175 3569 collata
2210 3520 2315 3585 lege
2352 3521 2414 3568 19
2452 3520 2515 3570 D.
2548 3520 2615 3569 ad
2647 3537 2777 3571 mun.

525 3604 660 3654 laud.
695 3608 742 3653 et
771 3605 945 3668 leqibue
979 3606 1010 3653 2
1045 3608 1092 3653 et
1127 3606 1156 3655 3
1196 3605 1314 3655 Cod.
1351 3607 1410 3655 de
1437 3606 1609 3667 praed.
1644 3606 1945 3654 decurionum
1980 3606 2191 3666 (10.33).

667 3688 708 3751 ²)
777 3689 900 3739 Cum
949 3689 1018 3738 ita
1050 3690 1102 3738 in
1137 3689 1240 3754 lege
1275 3690 1508 3754 scriptum
1542 3690 1631 3739 sit:
1672 3689 1937 3753 „Quaeque
1971 3690 2149 3739 multae
2186 3704 2283 3737 non
2320 3690 2467 3738 erunt
2500 3689 2713 3753 injustae
2746 3706 2773 3738 a

527 3772 862 3823 decurionibus
897 3774 1236 3839 conscriptisve
1271 3774 1565 3839 judicatae‚”
1602 3787 1906 3823 macutus
1947 3774 2008 3823 ad
2044 3774 2170 3823 hunc
2206 3774 2368 3823 locum
2387 3774 2617 3822 nonnulla
2636 3776 2776 3822 nota·

525 3856 595 3907 vit
629 3872 748 3921 quae
798 3860 1054 3908 refellenda
1105 3863 1230 3907 sunt.
1303 3860 1388 3908 Ait
1422 3859 1551 3907 enim
1583 3858 1634 3907 in
1671 3859 1856 3923 Opere:
1894 3861 1961 3907 les
2002 3859 2161 3907 Tables
2193 3875 2240 3923 p.
2268 3860 2358 3915 48,
2398 3861 2501 3909 not,
2538 3859 2628 3910 553
2672 3857 2775 3917 „Ge

525 3958 605 3992 me
656 3942 835 3991 semble
885 3960 978 3993 une
1031 3944 1306 4009 expression
1357 3942 1607 4007 etrangere
1658 3959 1751 3993 aux
1796 3944 2179 4008 jurisconsultes.
2265 3944 2333 3992 Le
2389 3942 2536 4006 judex
2589 3942 2780 3991 romain

525 4041 588 4076 ne
638 4028 921 4093 prononcait
972 4044 1058 4093 pas
1109 4045 1291 4078 comme
1327 4029 1372 4077 le
1409 4033 1547 4076 notre
1582 4026 1756 4092 qu’une
1794 4028 2024 4077 demande
2059 4027 2176 4077 §tait
2214 4026 2422 4090 injuste3
2467 4026 2503 4074 il
2538 4024 2779 4075 absolvait

526 4112 573 4163 le
605 4112 879 4163 defendent.
934 4114 985 4163 Si
1019 4112 1088 4162 les
1123 4113 1372 4162 decurione
1402 4113 1622 4177 jugeaint
1658 4116 1724 4174 (et
1757 4112 1792 4161 il
1830 4112 1970 4175 s’agit
2004 4112 2066 4160 ici
2102 4112 2217 4160 d’un
2246 4111 2499 4176 judicium)
2520 4111 2568 4159 la
2594 4112 2777 4160 formu·

526 4197 573 4248 le
623 4197 783 4247 devait
833 4197 932 4247 &tre
967 4198 1273 4247 semblable.”
1350 4202 1551 4249 Prorsus
1588 4212 1746 4246 errare
1782 4198 1973 4246 videtur
2009 4197 2081 4246 vir
2116 4197 2175 4247 cl.
2194 4216 2209 4255 ;
2256 4200 2425 4245 notum
2460 4198 2533 4244 est
2568 4194 2773 4245 formula

527 4298 621 4348 qua
658 4282 960 4346 magistratus
990 4283 1176 4346 judiees
1210 4282 1450 4348 pedaneos
1487 4282 1627 4330 daret
1644 4283 1905 4331 clausulam
1932 4282 2324 4346 comprehensam
2341 4280 2515 4329 fuisse:
2543 4280 2615 4339 „si
2642 4281 2779 4345 paret

527 4368 871 4427 condemnato,
923 4368 964 4416 si
1011 4384 1108 4416 non
1160 4372 1297 4432 paret
1331 4365 1633 4423 absolvito;”
1686 4367 1890 4415 Senatus
1924 4382 2037 4416 vero
2071 4364 2398 4431 municipalis,
2434 4364 2494 4413 ad
2529 4378 2673 4427 quem
2708 4364 2780 4412 est

525 4454 804 4523 provocatio
860 4468 970 4503 cum
1015 4452 1177 4517 judice
1231 4469 1288 4501 ex
1322 4452 1528 4501 formula
1564 4452 1675 4501 dato
1713 4451 1919 4501 conferri
1955 4450 2149 4515 nequit3
2186 4454 2432 4516 praeterea
2467 4448 2693 4498 novimus
2729 4448 2775 4497 in
