<?xml version="1.0" encoding="UTF-8"?>
<!DOCTYPE html PUBLIC "-//W3C//DTD XHTML 1.0 Transitional//EN"
    "http://www.w3.org/TR/xhtml1/DTD/xhtml1-transitional.dtd">
<html xmlns="http://www.w3.org/1999/xhtml" xml:lang="en" lang="en">
 <head>
  <title>
</title>
<meta http-equiv="Content-Type" content="text/html;charset=utf-8" />
  <meta name='ocr-system' content='tesseract 3.04.00' />
  <meta name='ocr-capabilities' content='ocr_page ocr_carea ocr_par ocr_line ocrx_word'/>
</head>
<body>
  <div class='ocr_page' id='page_1' title='image "./disquisitiodeae00swingoog_0149.png"; bbox 0 0 3027 5263; ppageno 0'>
   <div class='ocr_carea' id='block_1_1' title="bbox 1289 601 1417 661">
    <p class='ocr_par' dir='ltr' id='par_1_1' title="bbox 1289 601 1417 661">
     <span class='ocr_line' id='line_1_1' title="bbox 1289 601 1417 661; baseline -0.016 0"><span class='ocrx_word' id='word_1_1' title='bbox 1289 601 1417 661; x_wconf 86' lang='lat'><strong>133</strong></span> 
     </span>
    </p>
   </div>
   <div class='ocr_carea' id='block_1_2' title="bbox 214 790 2486 3412">
    <p class='ocr_par' dir='ltr' id='par_1_2' title="bbox 214 790 2479 1385">
     <span class='ocr_line' id='line_1_2' title="bbox 217 790 2475 878; baseline 0.001 -23"><span class='ocrx_word' id='word_1_2' title='bbox 217 790 634 858; x_wconf 87' lang='lat' dir='ltr'><strong>administrari</strong></span> <span class='ocrx_word' id='word_1_3' title='bbox 708 791 1028 878; x_wconf 89' lang='lat' dir='ltr'><strong>pecuniam</strong></span> <span class='ocrx_word' id='word_1_4' title='bbox 1095 790 1404 877; x_wconf 81' lang='lat' dir='ltr'><strong>publicam</strong></span> <span class='ocrx_word' id='word_1_5' title='bbox 1440 794 1500 878; x_wconf 88' lang='lat'><strong>¹).</strong></span> <span class='ocrx_word' id='word_1_6' title='bbox 1599 792 1982 859; x_wconf 61' lang='lat' dir='ltr'><strong>Laeonum</strong></span> <span class='ocrx_word' id='word_1_7' title='bbox 2048 794 2475 860; x_wconf 86' lang='lat' dir='ltr'><strong>animadvertit</strong></span> 
     </span>
     <span class='ocr_line' id='line_1_3' title="bbox 220 919 2471 1007; baseline 0 -22"><span class='ocrx_word' id='word_1_8' title='bbox 220 922 525 985; x_wconf 89' lang='lat' dir='ltr'><strong>eiusmodi</strong></span> <span class='ocrx_word' id='word_1_9' title='bbox 597 920 1042 1007; x_wconf 86' lang='lat' dir='ltr'><strong>praescriptum</strong></span> <span class='ocrx_word' id='word_1_10' title='bbox 1116 919 1346 984; x_wconf 84' lang='lat' dir='ltr'><strong>Romae</strong></span> <span class='ocrx_word' id='word_1_11' title='bbox 1410 942 1535 983; x_wconf 93' lang='lat' dir='ltr'><strong>non</strong></span> <span class='ocrx_word' id='word_1_12' title='bbox 1585 921 1884 985; x_wconf 80' lang='lat' dir='ltr'><strong>exstitisse</strong></span> <span class='ocrx_word' id='word_1_13' title='bbox 1910 922 1995 1006; x_wconf 82' lang='lat'><strong>²),</strong></span> <span class='ocrx_word' id='word_1_14' title='bbox 2057 922 2223 1006; x_wconf 89' lang='lat' dir='ltr'><strong>quod</strong></span> <span class='ocrx_word' id='word_1_15' title='bbox 2270 927 2471 986; x_wconf 87' lang='lat' dir='ltr'><strong>tamen</strong></span> 
     </span>
     <span class='ocr_line' id='line_1_4' title="bbox 214 1045 2473 1133; baseline 0 -23"><span class='ocrx_word' id='word_1_16' title='bbox 214 1046 531 1111; x_wconf 59' lang='lat' dir='ltr'><strong>Mommsen</strong></span> <span class='ocrx_word' id='word_1_17' title='bbox 557 1048 603 1133; x_wconf 82' lang='lat'><strong>³)</strong></span> <span class='ocrx_word' id='word_1_18' title='bbox 662 1053 859 1126; x_wconf 91' lang='lat' dir='ltr'><strong>recte,</strong></span> <span class='ocrx_word' id='word_1_19' title='bbox 937 1050 1008 1109; x_wconf 88' lang='lat' dir='ltr'><strong>ut</strong></span> <span class='ocrx_word' id='word_1_20' title='bbox 1063 1045 1335 1121; x_wconf 86' lang='lat' dir='ltr'><strong>videtur,</strong></span> <span class='ocrx_word' id='word_1_21' title='bbox 1401 1046 1664 1131; x_wconf 83' lang='lat' dir='ltr'><strong>explicat</strong></span> <span class='ocrx_word' id='word_1_22' title='bbox 1728 1070 1801 1112; x_wconf 87' lang='lat' dir='ltr'><strong>ex</strong></span> <span class='ocrx_word' id='word_1_23' title='bbox 1848 1072 2012 1113; x_wconf 90' lang='lat' dir='ltr'><strong>more</strong></span> <span class='ocrx_word' id='word_1_24' title='bbox 2060 1050 2473 1112; x_wconf 83' lang='lat' dir='ltr'><strong>Romanorum</strong></span> 
     </span>
     <span class='ocr_line' id='line_1_5' title="bbox 220 1172 2479 1260; baseline -0.001 -21"><span class='ocrx_word' id='word_1_25' title='bbox 220 1174 423 1239; x_wconf 88' lang='lat' dir='ltr'><strong>edicta</strong></span> <span class='ocrx_word' id='word_1_26' title='bbox 483 1174 722 1258; x_wconf 90' lang='lat' dir='ltr'><strong>aliaque</strong></span> <span class='ocrx_word' id='word_1_27' title='bbox 771 1172 990 1237; x_wconf 86' lang='lat' dir='ltr'><strong>similia</strong></span> <span class='ocrx_word' id='word_1_28' title='bbox 1039 1194 1192 1258; x_wconf 89' lang='lat' dir='ltr'><strong>quae</strong></span> <span class='ocrx_word' id='word_1_29' title='bbox 1242 1173 1306 1235; x_wconf 91' lang='lat' dir='ltr'><strong>in</strong></span> <span class='ocrx_word' id='word_1_30' title='bbox 1355 1196 1584 1237; x_wconf 91' lang='lat' dir='ltr'><strong>annum</strong></span> <span class='ocrx_word' id='word_1_31' title='bbox 1633 1180 1923 1260; x_wconf 82' lang='lat' dir='ltr'><strong>perpetuo</strong></span> <span class='ocrx_word' id='word_1_32' title='bbox 1972 1180 2173 1239; x_wconf 90' lang='lat' dir='ltr'><strong>essent</strong></span> <span class='ocrx_word' id='word_1_33' title='bbox 2221 1174 2479 1239; x_wconf 86' lang='lat' dir='ltr'><strong>valitura</strong></span> 
     </span>
     <span class='ocr_line' id='line_1_6' title="bbox 220 1300 1548 1385; baseline -0.002 -20"><span class='ocrx_word' id='word_1_34' title='bbox 220 1302 408 1365; x_wconf 86' lang='lat' dir='ltr'><strong>etiam</strong></span> <span class='ocrx_word' id='word_1_35' title='bbox 460 1323 566 1385; x_wconf 90' lang='lat' dir='ltr'><strong>per</strong></span> <span class='ocrx_word' id='word_1_36' title='bbox 612 1306 816 1365; x_wconf 90' lang='lat' dir='ltr'><strong>totum</strong></span> <span class='ocrx_word' id='word_1_37' title='bbox 867 1322 1096 1363; x_wconf 86' lang='lat' dir='ltr'><strong>annum</strong></span> <span class='ocrx_word' id='word_1_38' title='bbox 1147 1300 1548 1385; x_wconf 89' lang='lat' dir='ltr'><strong>proponendi.</strong></span> 
     </span>
    </p>

    <p class='ocr_par' dir='ltr' id='par_1_3' title="bbox 217 1423 2486 3412">
     <span class='ocr_line' id='line_1_7' title="bbox 417 1423 2475 1511; baseline 0 -20"><span class='ocrx_word' id='word_1_39' title='bbox 417 1425 638 1511; x_wconf 83' lang='lat' dir='ltr'><strong>Neque</strong></span> <span class='ocrx_word' id='word_1_40' title='bbox 687 1431 926 1489; x_wconf 88' lang='lat' dir='ltr'><strong>tantum</strong></span> <span class='ocrx_word' id='word_1_41' title='bbox 974 1423 1223 1510; x_wconf 88' lang='lat' dir='ltr'><strong>praedes</strong></span> <span class='ocrx_word' id='word_1_42' title='bbox 1271 1425 1727 1511; x_wconf 79' lang='lat' dir='ltr'><strong>accipiebantur</strong></span> <span class='ocrx_word' id='word_1_43' title='bbox 1775 1449 1810 1490; x_wconf 85' lang='lat' dir='ltr'><strong>a</strong></span> <span class='ocrx_word' id='word_1_44' title='bbox 1858 1426 2093 1505; x_wconf 80' lang='lat' dir='ltr'><strong>IIvir03</strong></span> <span class='ocrx_word' id='word_1_45' title='bbox 2148 1432 2291 1491; x_wconf 86' lang='lat' dir='ltr'><strong>sunt</strong></span> <span class='ocrx_word' id='word_1_46' title='bbox 2339 1448 2475 1491; x_wconf 88' lang='lat' dir='ltr'><strong>cau-</strong></span> 
     </span>
     <span class='ocr_line' id='line_1_8' title="bbox 219 1552 2471 1638; baseline 0 -22"><span class='ocrx_word' id='word_1_47' title='bbox 219 1575 327 1617; x_wconf 87' lang='lat' dir='ltr'><strong>sae</strong></span> <span class='ocrx_word' id='word_1_48' title='bbox 399 1552 622 1637; x_wconf 90' lang='lat' dir='ltr'><strong>quibus</strong></span> <span class='ocrx_word' id='word_1_49' title='bbox 671 1552 873 1617; x_wconf 90' lang='lat' dir='ltr'><strong>venire</strong></span> <span class='ocrx_word' id='word_1_50' title='bbox 946 1552 1186 1637; x_wconf 88' lang='lat' dir='ltr'><strong>possint</strong></span> <span class='ocrx_word' id='word_1_51' title='bbox 1259 1558 1318 1615; x_wconf 90' lang='lat' dir='ltr'><strong>et</strong></span> <span class='ocrx_word' id='word_1_52' title='bbox 1390 1552 1729 1617; x_wconf 84' lang='lat' dir='ltr'><strong>venditioni</strong></span> <span class='ocrx_word' id='word_1_53' title='bbox 1803 1576 2045 1638; x_wconf 92' lang='lat' dir='ltr'><strong>quoque</strong></span> <span class='ocrx_word' id='word_1_54' title='bbox 2094 1553 2237 1617; x_wconf 87' lang='lat' dir='ltr'><strong>huic</strong></span> <span class='ocrx_word' id='word_1_55' title='bbox 2285 1553 2471 1617; x_wconf 90' lang='lat' dir='ltr'><strong>IIviri</strong></span> 
     </span>
     <span class='ocr_line' id='line_1_9' title="bbox 219 1677 2477 1765; baseline 0 -22"><span class='ocrx_word' id='word_1_56' title='bbox 219 1685 516 1765; x_wconf 83' lang='lat' dir='ltr'><strong>praesunt</strong></span> <span class='ocrx_word' id='word_1_57' title='bbox 589 1680 655 1742; x_wconf 90' lang='lat' dir='ltr'><strong>in</strong></span> <span class='ocrx_word' id='word_1_58' title='bbox 726 1678 1098 1763; x_wconf 74' lang='lat' dir='ltr'><strong>municipiiS.</strong></span> <span class='ocrx_word' id='word_1_59' title='bbox 1195 1677 1434 1741; x_wconf 86' lang='lat' dir='ltr'><strong>Diserte</strong></span> <span class='ocrx_word' id='word_1_60' title='bbox 1483 1682 1751 1762; x_wconf 88' lang='lat' dir='ltr'><strong>potestas</strong></span> <span class='ocrx_word' id='word_1_61' title='bbox 1801 1678 2099 1743; x_wconf 86' lang='lat' dir='ltr'><strong>vendendi</strong></span> <span class='ocrx_word' id='word_1_62' title='bbox 2146 1680 2213 1742; x_wconf 87' lang='lat' dir='ltr'><strong>in</strong></span> <span class='ocrx_word' id='word_1_63' title='bbox 2263 1680 2477 1765; x_wconf 82' lang='lat' dir='ltr'><strong>Capite</strong></span> 
     </span>
     <span class='ocr_line' id='line_1_10' title="bbox 223 1802 2477 1891; baseline 0.001 -24"><span class='ocrx_word' id='word_1_64' title='bbox 223 1808 316 1868; x_wconf 75' lang='lat'><strong>64</strong></span> <span class='ocrx_word' id='word_1_65' title='bbox 369 1804 521 1890; x_wconf 86' lang='lat' dir='ltr'><strong>legis</strong></span> <span class='ocrx_word' id='word_1_66' title='bbox 569 1803 720 1868; x_wconf 82' lang='lat' dir='ltr'><strong>Mal.</strong></span> <span class='ocrx_word' id='word_1_67' title='bbox 771 1804 849 1867; x_wconf 89' lang='lat' dir='ltr'><strong>iis</strong></span> <span class='ocrx_word' id='word_1_68' title='bbox 894 1803 1222 1880; x_wconf 83' lang='lat' dir='ltr'><strong>tribuitur,</strong></span> <span class='ocrx_word' id='word_1_69' title='bbox 1270 1802 1358 1868; x_wconf 89' lang='lat' dir='ltr'><strong>ibi</strong></span> <span class='ocrx_word' id='word_1_70' title='bbox 1411 1805 1571 1868; x_wconf 90' lang='lat' dir='ltr'><strong>enim</strong></span> <span class='ocrx_word' id='word_1_71' title='bbox 1624 1804 1875 1889; x_wconf 85' lang='lat' dir='ltr'><strong>legitur:</strong></span> <span class='ocrx_word' id='word_1_72' title='bbox 1930 1805 2189 1882; x_wconf 89' lang='lat' dir='ltr'><strong>„IIviris</strong></span> <span class='ocrx_word' id='word_1_73' title='bbox 2240 1805 2348 1891; x_wconf 89' lang='lat' dir='ltr'><strong>qui</strong></span> <span class='ocrx_word' id='word_1_74' title='bbox 2391 1805 2477 1869; x_wconf 93' lang='lat' dir='ltr'><strong>ibi</strong></span> 
     </span>
     <span class='ocr_line' id='line_1_11' title="bbox 217 1928 2476 2017; baseline 0.001 -23"><span class='ocrx_word' id='word_1_75' title='bbox 217 1930 349 2017; x_wconf 89' lang='lat' dir='ltr'><strong>juri</strong></span> <span class='ocrx_word' id='word_1_76' title='bbox 421 1929 689 1995; x_wconf 88' lang='lat' dir='ltr'><strong>dicundo</strong></span> <span class='ocrx_word' id='word_1_77' title='bbox 761 1936 1086 2015; x_wconf 87' lang='lat' dir='ltr'><strong>praeerunt</strong></span> <span class='ocrx_word' id='word_1_78' title='bbox 1134 1929 1400 2009; x_wconf 10' lang='lat' dir='ltr'><strong>vendere*</strong></span> <span class='ocrx_word' id='word_1_79' title='bbox 1453 1928 1771 2015; x_wconf 86' lang='lat' dir='ltr'><strong>legemque</strong></span> <span class='ocrx_word' id='word_1_80' title='bbox 1837 1931 1931 1993; x_wconf 88' lang='lat' dir='ltr'><strong>his</strong></span> <span class='ocrx_word' id='word_1_81' title='bbox 1996 1932 2337 1995; x_wconf 85' lang='lat' dir='ltr'><strong>vendundis</strong></span> <span class='ocrx_word' id='word_1_82' title='bbox 2387 1932 2476 1996; x_wconf 90' lang='lat' dir='ltr'><strong>di·</strong></span> 
     </span>
     <span class='ocr_line' id='line_1_12' title="bbox 222 2046 2474 2142; baseline 0 -21"><span class='ocrx_word' id='word_1_83' title='bbox 222 2080 363 2121; x_wconf 88' lang='lat' dir='ltr'><strong>cere</strong></span> <span class='ocrx_word' id='word_1_84' title='bbox 430 2058 531 2142; x_wconf 88' lang='lat' dir='ltr'><strong>jus</strong></span> <span class='ocrx_word' id='word_1_85' title='bbox 603 2046 989 2142; x_wconf 86' lang='lat' dir='ltr'><strong>potestasque</strong></span> <span class='ocrx_word' id='word_1_86' title='bbox 1054 2063 1183 2121; x_wconf 89' lang='lat' dir='ltr'><strong>esto</strong></span> <span class='ocrx_word' id='word_1_87' title='bbox 1210 2056 1326 2141; x_wconf 76' lang='lat'><em>4).’&#39;</em></span> <span class='ocrx_word' id='word_1_88' title='bbox 1421 2056 1614 2121; x_wconf 86' lang='lat' dir='ltr'><strong>Plane</strong></span> <span class='ocrx_word' id='word_1_89' title='bbox 1676 2058 1936 2122; x_wconf 89' lang='lat' dir='ltr'><strong>liberum</strong></span> <span class='ocrx_word' id='word_1_90' title='bbox 2006 2060 2069 2122; x_wconf 92' lang='lat' dir='ltr'><strong>in</strong></span> <span class='ocrx_word' id='word_1_91' title='bbox 2132 2060 2246 2123; x_wconf 89' lang='lat' dir='ltr'><strong>hac</strong></span> <span class='ocrx_word' id='word_1_92' title='bbox 2295 2082 2474 2123; x_wconf 85' lang='lat' dir='ltr'><strong>causa</strong></span> 
     </span>
     <span class='ocr_line' id='line_1_13' title="bbox 223 2182 2479 2268; baseline 0 -20"><span class='ocrx_word' id='word_1_93' title='bbox 223 2184 420 2249; x_wconf 87' lang='lat' dir='ltr'><strong>IIviri</strong></span> <span class='ocrx_word' id='word_1_94' title='bbox 471 2183 786 2247; x_wconf 86' lang='lat' dir='ltr'><strong>arbitrium</strong></span> <span class='ocrx_word' id='word_1_95' title='bbox 832 2205 960 2247; x_wconf 91' lang='lat' dir='ltr'><strong>non</strong></span> <span class='ocrx_word' id='word_1_96' title='bbox 995 2188 1130 2261; x_wconf 88' lang='lat' dir='ltr'><strong>-est,</strong></span> <span class='ocrx_word' id='word_1_97' title='bbox 1181 2188 1447 2268; x_wconf 86' lang='lat' dir='ltr'><strong>potest-as</strong></span> <span class='ocrx_word' id='word_1_98' title='bbox 1496 2182 1604 2246; x_wconf 92' lang='lat' dir='ltr'><strong>illa</strong></span> <span class='ocrx_word' id='word_1_99' title='bbox 1654 2184 1815 2246; x_wconf 90' lang='lat' dir='ltr'><strong>enim</strong></span> <span class='ocrx_word' id='word_1_100' title='bbox 1862 2205 1987 2247; x_wconf 90' lang='lat' dir='ltr'><strong>non</strong></span> <span class='ocrx_word' id='word_1_101' title='bbox 2037 2183 2215 2248; x_wconf 89' lang='lat' dir='ltr'><strong>datur</strong></span> <span class='ocrx_word' id='word_1_102' title='bbox 2260 2184 2479 2249; x_wconf 87' lang='lat' dir='ltr'><strong>alteru-</strong></span> 
     </span>
     <span class='ocr_line' id='line_1_14' title="bbox 224 2309 2481 2389; baseline 0 -14"><span class='ocrx_word' id='word_1_103' title='bbox 224 2312 312 2375; x_wconf 83' lang='lat' dir='ltr'><strong>tri</strong></span> <span class='ocrx_word' id='word_1_104' title='bbox 343 2310 546 2375; x_wconf 86' lang='lat' dir='ltr'><strong>IIviro</strong></span> <span class='ocrx_word' id='word_1_105' title='bbox 556 2357 575 2387; x_wconf 88' lang='lat'><strong><em>,</em></strong></span> <span class='ocrx_word' id='word_1_106' title='bbox 613 2312 820 2374; x_wconf 87' lang='lat' dir='ltr'><strong>verum</strong></span> <span class='ocrx_word' id='word_1_107' title='bbox 853 2316 1058 2374; x_wconf 90' lang='lat' dir='ltr'><strong>tamen</strong></span> <span class='ocrx_word' id='word_1_108' title='bbox 1091 2309 1427 2389; x_wconf 85' lang='lat' dir='ltr'><strong>„ambobus</strong></span> <span class='ocrx_word' id='word_1_109' title='bbox 1460 2309 1707 2373; x_wconf 86' lang='lat' dir='ltr'><strong>alterive</strong></span> <span class='ocrx_word' id='word_1_110' title='bbox 1741 2332 1949 2373; x_wconf 90' lang='lat' dir='ltr'><strong>eorum</strong></span> <span class='ocrx_word' id='word_1_111' title='bbox 1986 2334 2061 2374; x_wconf 86' lang='lat' dir='ltr'><strong>ex</strong></span> <span class='ocrx_word' id='word_1_112' title='bbox 2088 2311 2481 2376; x_wconf 86' lang='lat' dir='ltr'><strong>decurionum</strong></span> 
     </span>
     <span class='ocr_line' id='line_1_15' title="bbox 222 2435 2477 2529; baseline 0 -28"><span class='ocrx_word' id='word_1_113' title='bbox 222 2436 786 2520; x_wconf 84' lang='lat' dir='ltr'><strong>conscriptorumve</strong></span> <span class='ocrx_word' id='word_1_114' title='bbox 860 2435 1158 2501; x_wconf 88' lang='lat' dir='ltr'><strong>decreto.&#39;’</strong></span> <span class='ocrx_word' id='word_1_115' title='bbox 1255 2436 1571 2499; x_wconf 86' lang='lat' dir='ltr'><strong>Eiusmodi</strong></span> <span class='ocrx_word' id='word_1_116' title='bbox 1636 2436 1933 2529; x_wconf 25' lang='lat' dir='ltr'><strong>placitum·</strong></span> <span class='ocrx_word' id='word_1_117' title='bbox 1993 2437 2186 2523; x_wconf 86' lang='lat' dir='ltr'><strong>legem</strong></span> <span class='ocrx_word' id='word_1_118' title='bbox 2236 2460 2477 2523; x_wconf 90' lang='lat' dir='ltr'><strong>quoque</strong></span> 
     </span>
     <span class='ocr_line' id='line_1_16' title="bbox 219 2563 2476 2652; baseline 0 -23"><span class='ocrx_word' id='word_1_119' title='bbox 219 2565 664 2650; x_wconf 87' lang='lat' dir='ltr'><strong>Salpensanam</strong></span> <span class='ocrx_word' id='word_1_120' title='bbox 713 2563 1022 2628; x_wconf 89' lang='lat' dir='ltr'><strong>continere</strong></span> <span class='ocrx_word' id='word_1_121' title='bbox 1087 2586 1270 2651; x_wconf 87' lang='lat' dir='ltr'><strong>supra</strong></span> <span class='ocrx_word' id='word_1_122' title='bbox 1310 2564 1434 2650; x_wconf 87' lang='lat' dir='ltr'><strong>jam</strong></span> <span class='ocrx_word' id='word_1_123' title='bbox 1485 2565 1883 2630; x_wconf 87' lang='lat' dir='ltr'><strong>animadverti</strong></span> <span class='ocrx_word' id='word_1_124' title='bbox 1908 2566 1979 2652; x_wconf 83' lang='lat'><strong>⁵).</strong></span> <span class='ocrx_word' id='word_1_125' title='bbox 2078 2567 2305 2630; x_wconf 85' lang='lat' dir='ltr'><strong>Romae</strong></span> <span class='ocrx_word' id='word_1_126' title='bbox 2352 2590 2476 2631; x_wconf 88' lang='lat' dir='ltr'><strong>non</strong></span> 
     </span>
     <span class='ocr_line' id='line_1_17' title="bbox 224 2692 2486 2778; baseline 0.001 -21"><span class='ocrx_word' id='word_1_127' title='bbox 224 2715 473 2778; x_wconf 86' lang='lat' dir='ltr'><strong>semper</strong></span> <span class='ocrx_word' id='word_1_128' title='bbox 518 2692 734 2756; x_wconf 87' lang='lat' dir='ltr'><strong>iisdem</strong></span> <span class='ocrx_word' id='word_1_129' title='bbox 781 2692 1236 2778; x_wconf 85' lang='lat' dir='ltr'><strong>magistratibus</strong></span> <span class='ocrx_word' id='word_1_130' title='bbox 1297 2693 1679 2778; x_wconf 87' lang='lat' dir='ltr'><strong>competebat</strong></span> <span class='ocrx_word' id='word_1_131' title='bbox 1727 2699 1997 2778; x_wconf 90' lang='lat' dir='ltr'><strong>potestas·</strong></span> <span class='ocrx_word' id='word_1_132' title='bbox 2043 2692 2175 2756; x_wconf 87' lang='lat' dir='ltr'><strong>illa:</strong></span> <span class='ocrx_word' id='word_1_133' title='bbox 2213 2700 2486 2778; x_wconf 89' lang='lat' dir='ltr'><strong>tempore</strong></span> 
     </span>
     <span class='ocr_line' id='line_1_18' title="bbox 223 2807 2477 2906; baseline 0 -22"><span class='ocrx_word' id='word_1_134' title='bbox 223 2807 603 2905; x_wconf 84' lang='lat' dir='ltr'><strong>reipublicae</strong></span> <span class='ocrx_word' id='word_1_135' title='bbox 674 2841 880 2884; x_wconf 90' lang='lat' dir='ltr'><strong>omnes</strong></span> <span class='ocrx_word' id='word_1_136' title='bbox 925 2820 1047 2884; x_wconf 84' lang='lat' dir='ltr'><strong>fere</strong></span> <span class='ocrx_word' id='word_1_137' title='bbox 1112 2819 1496 2904; x_wconf 87' lang='lat' dir='ltr'><strong>magistratus</strong></span> <span class='ocrx_word' id='word_1_138' title='bbox 1546 2819 1649 2882; x_wconf 88' lang='lat' dir='ltr'><strong>illa</strong></span> <span class='ocrx_word' id='word_1_139' title='bbox 1698 2819 2003 2902; x_wconf 87' lang='lat' dir='ltr'><strong>praeditos</strong></span> <span class='ocrx_word' id='word_1_140' title='bbox 2051 2820 2243 2884; x_wconf 88' lang='lat' dir='ltr'><strong>fuisse</strong></span> <span class='ocrx_word' id='word_1_141' title='bbox 2289 2827 2477 2906; x_wconf 90' lang='lat' dir='ltr'><strong>put0,</strong></span> 
     </span>
     <span class='ocr_line' id='line_1_19' title="bbox 219 2945 2482 3032; baseline 0.001 -22"><span class='ocrx_word' id='word_1_142' title='bbox 219 2947 402 3032; x_wconf 88' lang='lat' dir='ltr'><strong>quod</strong></span> <span class='ocrx_word' id='word_1_143' title='bbox 449 2967 673 3011; x_wconf 70' lang='lat' dir='ltr'><strong>emmo</strong></span> <span class='ocrx_word' id='word_1_144' title='bbox 719 2946 930 3010; x_wconf 87' lang='lat' dir='ltr'><strong>testari</strong></span> <span class='ocrx_word' id='word_1_145' title='bbox 979 2946 1219 3010; x_wconf 88' lang='lat' dir='ltr'><strong>videtur</strong></span> <span class='ocrx_word' id='word_1_146' title='bbox 1244 2946 1326 3030; x_wconf 80' lang='grc'><strong>6),</strong></span> <span class='ocrx_word' id='word_1_147' title='bbox 1381 2967 1519 3010; x_wconf 91' lang='lat' dir='ltr'><strong>cum</strong></span> <span class='ocrx_word' id='word_1_148' title='bbox 1570 2946 1907 3010; x_wconf 79' lang='lat' dir='ltr'><strong>exclamat:</strong></span> <span class='ocrx_word' id='word_1_149' title='bbox 1963 2945 2135 3024; x_wconf 85' lang='lat' dir='ltr'><strong>„Ubi</strong></span> <span class='ocrx_word' id='word_1_150' title='bbox 2184 2946 2291 3010; x_wconf 90' lang='lat' dir='ltr'><strong>illa</strong></span> <span class='ocrx_word' id='word_1_151' title='bbox 2341 2970 2482 3012; x_wconf 90' lang='lat' dir='ltr'><strong>con-</strong></span> 
     </span>
     <span class='ocr_line' id='line_1_20' title="bbox 225 3071 2482 3158; baseline 0 -20"><span class='ocrx_word' id='word_1_152' title='bbox 225 3074 496 3138; x_wconf 85' lang='lat' dir='ltr'><strong>suetudo</strong></span> <span class='ocrx_word' id='word_1_153' title='bbox 593 3074 660 3138; x_wconf 91' lang='lat' dir='ltr'><strong>in</strong></span> <span class='ocrx_word' id='word_1_154' title='bbox 757 3073 971 3152; x_wconf 76' lang='lat' dir='ltr'><strong>boniS,</strong></span> <span class='ocrx_word' id='word_1_155' title='bbox 1050 3071 1371 3158; x_wconf 87' lang='lat' dir='ltr'><strong>praedibus</strong></span> <span class='ocrx_word' id='word_1_156' title='bbox 1453 3074 1838 3158; x_wconf 87' lang='lat' dir='ltr'><strong>praediisque</strong></span> <span class='ocrx_word' id='word_1_157' title='bbox 1912 3072 2281 3152; x_wconf 82' lang='lat' dir='ltr'><strong>vendendiS,</strong></span> <span class='ocrx_word' id='word_1_158' title='bbox 2358 3096 2482 3138; x_wconf 89' lang='lat' dir='ltr'><strong>om-</strong></span> 
     </span>
     <span class='ocr_line' id='line_1_21' title="bbox 218 3200 2477 3285; baseline 0 -20"><span class='ocrx_word' id='word_1_159' title='bbox 218 3202 404 3266; x_wconf 86' lang='lat' dir='ltr'><strong>nium</strong></span> <span class='ocrx_word' id='word_1_160' title='bbox 456 3200 810 3277; x_wconf 86' lang='lat' dir='ltr'><strong>consulum,</strong></span> <span class='ocrx_word' id='word_1_161' title='bbox 883 3222 1236 3278; x_wconf 86' lang='lat' dir='ltr'><strong>censorum,</strong></span> <span class='ocrx_word' id='word_1_162' title='bbox 1302 3207 1685 3285; x_wconf 88' lang='lat' dir='ltr'><strong>praetorum,</strong></span> <span class='ocrx_word' id='word_1_163' title='bbox 1740 3206 2128 3285; x_wconf 87' lang='lat' dir='ltr'><strong>quaestorum</strong></span> <span class='ocrx_word' id='word_1_164' title='bbox 2178 3200 2477 3285; x_wconf 90' lang='lat' dir='ltr'><strong>denique,</strong></span> 
     </span>
     <span class='ocr_line' id='line_1_22' title="bbox 218 3324 2474 3412; baseline 0 -21"><span class='ocrx_word' id='word_1_165' title='bbox 218 3332 298 3392; x_wconf 82' lang='lat' dir='ltr'><strong>ut</strong></span> <span class='ocrx_word' id='word_1_166' title='bbox 349 3325 579 3411; x_wconf 87' lang='lat' dir='ltr'><strong>optima</strong></span> <span class='ocrx_word' id='word_1_167' title='bbox 627 3325 977 3390; x_wconf 89' lang='lat' dir='ltr'><strong>conditione</strong></span> <span class='ocrx_word' id='word_1_168' title='bbox 1027 3326 1110 3390; x_wconf 87' lang='lat' dir='ltr'><strong>sit</strong></span> <span class='ocrx_word' id='word_1_169' title='bbox 1154 3325 1240 3406; x_wconf 88' lang='lat' dir='ltr'><strong>is,</strong></span> <span class='ocrx_word' id='word_1_170' title='bbox 1279 3327 1418 3390; x_wconf 89' lang='lat' dir='ltr'><strong>cuia</strong></span> <span class='ocrx_word' id='word_1_171' title='bbox 1463 3348 1559 3390; x_wconf 89' lang='lat' dir='ltr'><strong>res</strong></span> <span class='ocrx_word' id='word_1_172' title='bbox 1594 3326 1802 3390; x_wconf 88' lang='lat' dir='ltr'><strong>cuium</strong></span> <span class='ocrx_word' id='word_1_173' title='bbox 1851 3324 2251 3412; x_wconf 85' lang='lat' dir='ltr'><strong>periculum.’&#39;</strong></span> <span class='ocrx_word' id='word_1_174' title='bbox 2347 3327 2474 3391; x_wconf 87' lang='lat' dir='ltr'><strong>Sub</strong></span> 
     </span>
    </p>
   </div>
   <div class='ocr_carea' id='block_1_3' title="bbox 220 3521 638 3532">
    <p class='ocr_par' dir='ltr' id='par_1_4' title="bbox 220 3521 638 3532">
     <span class='ocr_line' id='line_1_23' title="bbox 220 3521 638 3532; baseline 0 1731"><span class='ocrx_word' id='word_1_175' title='bbox 220 3521 638 3532; x_wconf 95' lang='lat' dir='ltr'><strong> </strong></span> 
     </span>
    </p>
   </div>
   <div class='ocr_carea' id='block_1_4' title="bbox 200 3645 2488 4553">
    <p class='ocr_par' dir='ltr' id='par_1_5' title="bbox 211 3645 2481 3878">
     <span class='ocr_line' id='line_1_24' title="bbox 371 3645 2480 3710; baseline 0 -16"><span class='ocrx_word' id='word_1_176' title='bbox 371 3648 407 3706; x_wconf 83' lang='lat'><strong>¹)</strong></span> <span class='ocrx_word' id='word_1_177' title='bbox 475 3645 785 3703; x_wconf 70' lang='lat' dir='ltr'><strong>Dmmnusso,</strong></span> <span class='ocrx_word' id='word_1_178' title='bbox 826 3645 876 3692; x_wconf 92' lang='lat' dir='ltr'><strong>in</strong></span> <span class='ocrx_word' id='word_1_179' title='bbox 917 3646 1166 3695; x_wconf 73' lang='lat' dir='ltr'><strong>Comment.</strong></span> <span class='ocrx_word' id='word_1_180' title='bbox 1203 3649 1236 3696; x_wconf 79' lang='lat' dir='ltr'><strong>l.</strong></span> <span class='ocrx_word' id='word_1_181' title='bbox 1274 3662 1323 3710; x_wconf 86' lang='lat' dir='ltr'><strong>p.</strong></span> <span class='ocrx_word' id='word_1_182' title='bbox 1362 3647 1451 3702; x_wconf 89' lang='grc'><strong>80,</strong></span> <span class='ocrx_word' id='word_1_183' title='bbox 1492 3663 1549 3696; x_wconf 88' lang='lat' dir='ltr'><strong>eo</strong></span> <span class='ocrx_word' id='word_1_184' title='bbox 1587 3646 1789 3695; x_wconf 84' lang='lat' dir='ltr'><strong>consilio</strong></span> <span class='ocrx_word' id='word_1_185' title='bbox 1826 3646 1873 3694; x_wconf 91' lang='lat' dir='ltr'><strong>in</strong></span> <span class='ocrx_word' id='word_1_186' title='bbox 1911 3646 2015 3710; x_wconf 85' lang='lat' dir='ltr'><strong>lege</strong></span> <span class='ocrx_word' id='word_1_187' title='bbox 2048 3645 2116 3694; x_wconf 79' lang='lat' dir='ltr'><strong>ita</strong></span> <span class='ocrx_word' id='word_1_188' title='bbox 2152 3649 2341 3694; x_wconf 86' lang='lat' dir='ltr'><strong>cautum</strong></span> <span class='ocrx_word' id='word_1_189' title='bbox 2380 3661 2480 3695; x_wconf 84' lang='lat' dir='ltr'><strong>esse</strong></span> 
     </span>
     <span class='ocr_line' id='line_1_25' title="bbox 211 3729 2481 3796; baseline -0.001 -15"><span class='ocrx_word' id='word_1_190' title='bbox 211 3730 372 3788; x_wconf 83' lang='lat' dir='ltr'><strong>dicit,</strong></span> <span class='ocrx_word' id='word_1_191' title='bbox 424 3733 483 3778; x_wconf 85' lang='lat' dir='ltr'><strong>ut</strong></span> <span class='ocrx_word' id='word_1_192' title='bbox 514 3729 812 3793; x_wconf 85' lang='lat' dir='ltr'><strong>magistratui</strong></span> <span class='ocrx_word' id='word_1_193' title='bbox 849 3729 1003 3793; x_wconf 88' lang='lat' dir='ltr'><strong>quivis</strong></span> <span class='ocrx_word' id='word_1_194' title='bbox 1035 3730 1246 3780; x_wconf 87' lang='lat' dir='ltr'><strong>indicare</strong></span> <span class='ocrx_word' id='word_1_195' title='bbox 1271 3735 1458 3796; x_wconf 87' lang='lat' dir='ltr'><strong>posset,</strong></span> <span class='ocrx_word' id='word_1_196' title='bbox 1485 3732 1525 3781; x_wconf 88' lang='lat' dir='ltr'><strong>si</strong></span> <span class='ocrx_word' id='word_1_197' title='bbox 1550 3747 1625 3781; x_wconf 86' lang='lat' dir='ltr'><strong>res</strong></span> <span class='ocrx_word' id='word_1_198' title='bbox 1649 3731 1895 3780; x_wconf 82' lang='lat' dir='ltr'><strong>familiaris</strong></span> <span class='ocrx_word' id='word_1_199' title='bbox 1920 3731 2119 3779; x_wconf 85' lang='lat' dir='ltr'><strong>alicuius</strong></span> <span class='ocrx_word' id='word_1_200' title='bbox 2143 3746 2199 3778; x_wconf 85' lang='lat' dir='ltr'><strong>ex</strong></span> <span class='ocrx_word' id='word_1_201' title='bbox 2226 3731 2481 3794; x_wconf 78' lang='lat' dir='ltr'><strong>praedibus</strong></span> 
     </span>
     <span class='ocr_line' id='line_1_26' title="bbox 212 3806 1076 3878; baseline -0.003 -12"><span class='ocrx_word' id='word_1_202' title='bbox 212 3816 296 3866; x_wconf 80' lang='lat' dir='ltr'><strong>vel</strong></span> <span class='ocrx_word' id='word_1_203' title='bbox 340 3814 665 3878; x_wconf 83' lang='lat' dir='ltr'><strong>cognitoribus</strong></span> <span class='ocrx_word' id='word_1_204' title='bbox 703 3806 1076 3878; x_wconf 83' lang='lat' dir='ltr'><strong>periclitaretur.</strong></span> 
     </span>
    </p>

    <p class='ocr_par' dir='ltr' id='par_1_6' title="bbox 367 3897 1515 3964">
     <span class='ocr_line' id='line_1_27' title="bbox 367 3897 1515 3964; baseline 0.003 -19"><span class='ocrx_word' id='word_1_205' title='bbox 367 3898 408 3960; x_wconf 79' lang='grc'><strong>2)</strong></span> <span class='ocrx_word' id='word_1_206' title='bbox 475 3897 533 3945; x_wconf 89' lang='lat' dir='ltr'><strong>In</strong></span> <span class='ocrx_word' id='word_1_207' title='bbox 571 3898 754 3962; x_wconf 82' lang='lat' dir='ltr'><strong>Opere:</strong></span> <span class='ocrx_word' id='word_1_208' title='bbox 786 3900 858 3946; x_wconf 73' lang='lat' dir='ltr'><strong>les</strong></span> <span class='ocrx_word' id='word_1_209' title='bbox 893 3900 1084 3956; x_wconf 75' lang='lat' dir='ltr'><strong>Tables,</strong></span> <span class='ocrx_word' id='word_1_210' title='bbox 1120 3914 1169 3964; x_wconf 90' lang='lat' dir='ltr'><strong>p.</strong></span> <span class='ocrx_word' id='word_1_211' title='bbox 1205 3898 1270 3947; x_wconf 82' lang='lat'><strong>46</strong></span> <span class='ocrx_word' id='word_1_212' title='bbox 1307 3902 1396 3948; x_wconf 91' lang='lat' dir='ltr'><strong>not</strong></span> <span class='ocrx_word' id='word_1_213' title='bbox 1429 3899 1515 3950; x_wconf 84' lang='lat'><strong>43.</strong></span> 
     </span>
    </p>

    <p class='ocr_par' dir='ltr' id='par_1_7' title="bbox 366 3981 1338 4047">
     <span class='ocr_line' id='line_1_28' title="bbox 366 3981 1338 4047; baseline 0.002 -17"><span class='ocrx_word' id='word_1_214' title='bbox 366 3981 406 4043; x_wconf 81' lang='lat'><strong>³)</strong></span> <span class='ocrx_word' id='word_1_215' title='bbox 476 3983 535 4030; x_wconf 91' lang='lat' dir='ltr'><strong>In</strong></span> <span class='ocrx_word' id='word_1_216' title='bbox 573 3982 761 4046; x_wconf 80' lang='lat' dir='ltr'><strong>Opere=</strong></span> <span class='ocrx_word' id='word_1_217' title='bbox 795 3983 1094 4032; x_wconf 72' lang='lat' dir='ltr'><strong>Scadtreohte</strong></span> <span class='ocrx_word' id='word_1_218' title='bbox 1128 3999 1178 4047; x_wconf 88' lang='lat' dir='ltr'><strong>p.</strong></span> <span class='ocrx_word' id='word_1_219' title='bbox 1214 3985 1338 4033; x_wconf 82' lang='lat'><em>446.</em></span> 
     </span>
    </p>

    <p class='ocr_par' dir='ltr' id='par_1_8' title="bbox 200 4065 2488 4384">
     <span class='ocr_line' id='line_1_29' title="bbox 362 4065 2485 4134; baseline 0.001 -20"><span class='ocrx_word' id='word_1_220' title='bbox 362 4065 405 4126; x_wconf 74' lang='lat'><strong>⁴)</strong></span> <span class='ocrx_word' id='word_1_221' title='bbox 478 4066 547 4115; x_wconf 92' lang='lat' dir='ltr'><strong>De</strong></span> <span class='ocrx_word' id='word_1_222' title='bbox 599 4067 830 4130; x_wconf 79' lang='lat' dir='ltr'><strong>praedam</strong></span> <span class='ocrx_word' id='word_1_223' title='bbox 885 4067 1280 4132; x_wconf 86' lang='lat' dir='ltr'><strong>praediorumque</strong></span> <span class='ocrx_word' id='word_1_224' title='bbox 1327 4067 1604 4116; x_wconf 81' lang='lat' dir='ltr'><strong>venditione</strong></span> <span class='ocrx_word' id='word_1_225' title='bbox 1660 4083 1717 4134; x_wconf 83' lang='lat' dir='ltr'><strong>ex</strong></span> <span class='ocrx_word' id='word_1_226' title='bbox 1771 4067 1878 4130; x_wconf 88' lang='lat' dir='ltr'><strong>lege</strong></span> <span class='ocrx_word' id='word_1_227' title='bbox 1924 4067 2215 4122; x_wconf 84' lang='lat' dir='ltr'><strong>Malacitana</strong></span> <span class='ocrx_word' id='word_1_228' title='bbox 2250 4066 2485 4116; x_wconf 88' lang='lat' dir='ltr'><strong>hocloco</strong></span> 
     </span>
     <span class='ocr_line' id='line_1_30' title="bbox 206 4150 2488 4220; baseline -0.002 -16"><span class='ocrx_word' id='word_1_229' title='bbox 206 4153 364 4220; x_wconf 87' lang='lat' dir='ltr'><strong>plura</strong></span> <span class='ocrx_word' id='word_1_230' title='bbox 397 4165 495 4200; x_wconf 87' lang='lat' dir='ltr'><strong>non</strong></span> <span class='ocrx_word' id='word_1_231' title='bbox 531 4150 727 4208; x_wconf 83' lang='lat' dir='ltr'><strong>addam3</strong></span> <span class='ocrx_word' id='word_1_232' title='bbox 764 4153 886 4200; x_wconf 88' lang='lat' dir='ltr'><strong>tanti</strong></span> <span class='ocrx_word' id='word_1_233' title='bbox 922 4151 1156 4200; x_wconf 87' lang='lat' dir='ltr'><strong>momenti</strong></span> <span class='ocrx_word' id='word_1_234' title='bbox 1191 4154 1265 4201; x_wconf 89' lang='lat' dir='ltr'><strong>est</strong></span> <span class='ocrx_word' id='word_1_235' title='bbox 1305 4155 1410 4200; x_wconf 87' lang='lat' dir='ltr'><strong>tum</strong></span> <span class='ocrx_word' id='word_1_236' title='bbox 1446 4151 1663 4200; x_wconf 86' lang='lat' dir='ltr'><strong>venditio</strong></span> <span class='ocrx_word' id='word_1_237' title='bbox 1704 4151 1785 4199; x_wconf 87' lang='lat' dir='ltr'><strong>illa</strong></span> <span class='ocrx_word' id='word_1_238' title='bbox 1821 4154 1923 4199; x_wconf 87' lang='lat' dir='ltr'><strong>tum</strong></span> <span class='ocrx_word' id='word_1_239' title='bbox 1962 4150 2189 4215; x_wconf 81' lang='lat' dir='ltr'><strong>obligatio</strong></span> <span class='ocrx_word' id='word_1_240' title='bbox 2226 4167 2347 4215; x_wconf 88' lang='lat' dir='ltr'><strong>quae</strong></span> <span class='ocrx_word' id='word_1_241' title='bbox 2369 4167 2488 4200; x_wconf 88' lang='lat' dir='ltr'><strong>ven·</strong></span> 
     </span>
     <span class='ocr_line' id='line_1_31' title="bbox 200 4234 2483 4302; baseline -0.001 -14"><span class='ocrx_word' id='word_1_242' title='bbox 200 4235 394 4288; x_wconf 82' lang='lat' dir='ltr'><strong>ditioni</strong></span> <span class='ocrx_word' id='word_1_243' title='bbox 430 4234 504 4282; x_wconf 89' lang='lat' dir='ltr'><strong>illi</strong></span> <span class='ocrx_word' id='word_1_244' title='bbox 532 4249 696 4283; x_wconf 86' lang='lat' dir='ltr'><strong>ansam</strong></span> <span class='ocrx_word' id='word_1_245' title='bbox 720 4234 804 4284; x_wconf 86' lang='lat' dir='ltr'><strong>dat</strong></span> <span class='ocrx_word' id='word_1_246' title='bbox 831 4238 886 4284; x_wconf 90' lang='lat' dir='ltr'><strong>ut</strong></span> <span class='ocrx_word' id='word_1_247' title='bbox 910 4236 960 4284; x_wconf 88' lang='lat' dir='ltr'><strong>in</strong></span> <span class='ocrx_word' id='word_1_248' title='bbox 986 4236 1077 4285; x_wconf 90' lang='lat' dir='ltr'><strong>hoc</strong></span> <span class='ocrx_word' id='word_1_249' title='bbox 1114 4239 1448 4301; x_wconf 86' lang='lat' dir='ltr'><strong>argumentum</strong></span> <span class='ocrx_word' id='word_1_250' title='bbox 1473 4239 1731 4300; x_wconf 87' lang='lat' dir='ltr'><strong>postquam</strong></span> <span class='ocrx_word' id='word_1_251' title='bbox 1759 4236 1816 4284; x_wconf 89' lang='lat' dir='ltr'><strong>de</strong></span> <span class='ocrx_word' id='word_1_252' title='bbox 1842 4236 2197 4298; x_wconf 84' lang='lat' dir='ltr'><strong>magistratibus</strong></span> <span class='ocrx_word' id='word_1_253' title='bbox 2222 4237 2483 4302; x_wconf 85' lang='lat' dir='ltr'><strong>disputatio</strong></span> 
     </span>
     <span class='ocr_line' id='line_1_32' title="bbox 200 4319 2098 4384; baseline -0.002 -11"><span class='ocrx_word' id='word_1_254' title='bbox 200 4323 272 4373; x_wconf 87' lang='lat' dir='ltr'><strong>ad</strong></span> <span class='ocrx_word' id='word_1_255' title='bbox 313 4320 462 4369; x_wconf 89' lang='lat' dir='ltr'><strong>finem</strong></span> <span class='ocrx_word' id='word_1_256' title='bbox 497 4319 726 4383; x_wconf 86' lang='lat' dir='ltr'><strong>perducta</strong></span> <span class='ocrx_word' id='word_1_257' title='bbox 761 4319 849 4378; x_wconf 88' lang='lat' dir='ltr'><strong>sit,</strong></span> <span class='ocrx_word' id='word_1_258' title='bbox 892 4321 1181 4384; x_wconf 84' lang='lat' dir='ltr'><strong>peculiarem</strong></span> <span class='ocrx_word' id='word_1_259' title='bbox 1219 4319 1607 4384; x_wconf 85' lang='lat' dir='ltr'><strong>disquisitionem</strong></span> <span class='ocrx_word' id='word_1_260' title='bbox 1645 4320 1957 4369; x_wconf 81' lang='lat' dir='ltr'><strong>instituturus</strong></span> <span class='ocrx_word' id='word_1_261' title='bbox 1994 4320 2098 4370; x_wconf 86' lang='lat' dir='ltr'><strong>sim.</strong></span> 
     </span>
    </p>

    <p class='ocr_par' dir='ltr' id='par_1_9' title="bbox 361 4403 1312 4469">
     <span class='ocr_line' id='line_1_33' title="bbox 361 4403 1312 4469; baseline 0.003 -18"><span class='ocrx_word' id='word_1_262' title='bbox 361 4404 404 4467; x_wconf 78' lang='lat'><strong>⁵)</strong></span> <span class='ocrx_word' id='word_1_263' title='bbox 474 4403 594 4452; x_wconf 84' lang='lat' dir='ltr'><strong>Vide</strong></span> <span class='ocrx_word' id='word_1_264' title='bbox 629 4419 770 4468; x_wconf 84' lang='lat' dir='ltr'><strong>supra</strong></span> <span class='ocrx_word' id='word_1_265' title='bbox 806 4405 934 4454; x_wconf 66' lang='lat' dir='ltr'><strong>Dias.</strong></span> <span class='ocrx_word' id='word_1_266' title='bbox 971 4420 1020 4469; x_wconf 85' lang='lat' dir='ltr'><strong>p.</strong></span> <span class='ocrx_word' id='word_1_267' title='bbox 1059 4406 1156 4466; x_wconf 87' lang='lat'><strong>80,</strong></span> <span class='ocrx_word' id='word_1_268' title='bbox 1199 4406 1312 4454; x_wconf 91' lang='lat'>101.</span> 
     </span>
    </p>

    <p class='ocr_par' dir='ltr' id='par_1_10' title="bbox 363 4486 2009 4553">
     <span class='ocr_line' id='line_1_34' title="bbox 363 4486 2009 4553; baseline 0 -15"><span class='ocrx_word' id='word_1_269' title='bbox 363 4488 404 4552; x_wconf 76' lang='lat'><strong>⁶)</strong></span> <span class='ocrx_word' id='word_1_270' title='bbox 477 4487 596 4538; x_wconf 87' lang='lat' dir='ltr'><strong>Vide</strong></span> <span class='ocrx_word' id='word_1_271' title='bbox 630 4492 757 4541; x_wconf 87' lang='lat' dir='ltr'><strong>auct.</strong></span> <span class='ocrx_word' id='word_1_272' title='bbox 793 4488 843 4538; x_wconf 91' lang='lat' dir='ltr'><strong>in</strong></span> <span class='ocrx_word' id='word_1_273' title='bbox 881 4486 1022 4540; x_wconf 86' lang='lat' dir='ltr'><strong>Orat.</strong></span> <span class='ocrx_word' id='word_1_274' title='bbox 1061 4489 1111 4538; x_wconf 79' lang='lat' dir='ltr'><strong>in</strong></span> <span class='ocrx_word' id='word_1_275' title='bbox 1158 4491 1355 4539; x_wconf 82' lang='lat' dir='ltr'><strong>Verrem.</strong></span> <span class='ocrx_word' id='word_1_276' title='bbox 1393 4488 1472 4548; x_wconf 85' lang='grc' dir='ltr'><strong>ΙΙ,</strong></span> <span class='ocrx_word' id='word_1_277' title='bbox 1517 4490 1539 4538; x_wconf 94' lang='lat' dir='ltr'><strong>l</strong></span> <span class='ocrx_word' id='word_1_278' title='bbox 1580 4489 1695 4553; x_wconf 86' lang='lat' dir='ltr'><strong>Cap.</strong></span> <span class='ocrx_word' id='word_1_279' title='bbox 1736 4490 1799 4538; x_wconf 83' lang='lat'><strong>54</strong></span> <span class='ocrx_word' id='word_1_280' title='bbox 1834 4490 1857 4549; x_wconf 82' lang='lat'>§</span> <span class='ocrx_word' id='word_1_281' title='bbox 1896 4490 2009 4538; x_wconf 80' lang='lat'>142.</span> 
     </span>
    </p>
   </div>
  </div>
 </body>
</html>
