3027 5263
1280 579 1406 640 161

221 796 319 837 me
380 771 622 857 judice,
691 792 814 835 non
879 771 1024 835 licet
1086 770 1398 848 dubitare,
1451 770 1605 856 quin
1652 771 1901 856 praedes
1949 773 2266 839 verborum
2314 772 2465 839 obli-

221 898 468 983 gatione
515 902 835 961 teneantur
877 895 936 980 ¹).

409 1025 719 1109 Responso
770 1044 881 1086 suo
930 1044 1102 1107 praes
1151 1045 1216 1087 se
1266 1045 1496 1109 suaque
1547 1024 1749 1089 omnia
1800 1024 2067 1111 obligat;
2114 1026 2466 1112 amplitudi-

217 1176 360 1218 nem
411 1151 803 1237 obligationis
852 1158 1114 1215 testatur
1167 1152 1298 1237 ipsa
1347 1152 1444 1216 lex
1492 1153 1892 1234 Malacitana,
1946 1154 2049 1218 ubi
2098 1154 2355 1239 legimus
2380 1156 2465 1240 ²):

220 1280 638 1365 „Quicunque
690 1280 752 1343 in
803 1278 1136 1364 municipio
1188 1278 1402 1343 Flavio
1451 1280 1819 1345 Malacitano
1872 1281 1937 1345 in
1988 1304 2307 1347 commune
2341 1305 2471 1347 mu-

219 1408 497 1493 nicipum
571 1408 700 1471 eius
771 1406 1091 1490 municipii
1163 1406 1410 1491 praedes
1483 1406 1629 1471 facti
1701 1416 1844 1473 sunt
1910 1417 2123 1487 erunt,
2191 1432 2463 1495 quaeque

218 1536 468 1623 praedia
539 1539 780 1619 accepta
829 1540 970 1597 sunt
1019 1540 1229 1613 erunt,
1277 1536 1521 1619 -quique
1569 1558 1775 1599 eorum
1826 1538 2210 1622 praediorum
2261 1538 2465 1623 cogni-

217 1672 381 1729 tores
429 1664 574 1727 facti
615 1671 766 1726 sunt
813 1669 1025 1727 erunt:
1079 1663 1125 1725 ii
1175 1685 1382 1727 omnes
1431 1669 1491 1728 et
1539 1687 1692 1748 quae
1741 1666 2033 1750 cuiusque
2082 1676 2211 1729 tum
2247 1672 2461 1743 erunt,

215 1816 359 1859 cum
411 1814 580 1877 praes
627 1791 973 1875 cognitorve
1022 1790 1220 1853 factus
1267 1798 1355 1855 est
1382 1791 1529 1869 erit,
1582 1814 1855 1877 quaeque
1882 1799 2090 1877 postea
2125 1815 2285 1870 esse,
2323 1815 2463 1857 cum

216 1923 264 1985 ii
319 1920 572 2006 obligati
622 1942 746 1984 esse
795 1925 1154 2003 coeperunt,
1212 1920 1555 2005 coeperint,
1607 1921 1714 2005 qui
1764 1944 1971 1985 eorum
2018 1921 2200 1985 soluti
2251 1920 2466 1985 libera-

215 2050 398 2134 tique'
440 2071 563 2111 non
613 2053 756 2111 sunt
805 2070 928 2111 non
978 2054 1155 2111 erunt
1203 2054 1310 2111 aut
1357 2071 1482 2112 non
1532 2049 1661 2112 sine
1710 2049 1851 2113 dolo
1887 2048 2045 2113 malo
2078 2056 2223 2113 sunt
2256 2054 2461 2126 erunt,

218 2201 412 2263 eaque
483 2176 720 2255 omnia,
800 2198 962 2261 quae
1033 2198 1235 2240 eorum
1313 2176 1512 2240 soluta
1562 2176 1932 2261 liberataque
1979 2200 2103 2241 non
2154 2184 2297 2242 sunt
2344 2199 2466 2241 non

217 2313 402 2371 erunt
449 2312 557 2369 aut
606 2328 731 2369 non
781 2304 911 2367 sine
960 2302 1100 2367 dolo
1151 2303 1308 2368 malo
1358 2311 1502 2369 sunt
1552 2314 1761 2381 erunt,
1810 2305 1873 2368 in
1910 2327 2228 2369 commune
2264 2306 2461 2369 muni-

219 2436 428 2520 cipum
491 2435 618 2499 eius
667 2432 987 2518 municipii
1036 2434 1184 2497 item
1248 2432 1503 2519 obligati
1574 2433 1963 2521 obligat-aque
2013 2440 2196 2498 sunto
2214 2484 2232 2513 ,
2285 2432 2377 2498 uti
2427 2433 2472 2497 ii

220 2584 366 2627 eave
441 2560 668 2646 populo
740 2560 1016 2623 Romano
1089 2559 1340 2646 obligati
1393 2559 1735 2646 obligatave
1785 2568 2015 2639 essent,
2067 2562 2117 2624 si
2166 2567 2314 2647 aput
2361 2583 2464 2625 eos

218 2691 332 2776 qui
380 2690 606 2754 Romae
655 2690 884 2753 aerario
932 2696 1280 2774 praeessent
1330 2689 1375 2754 ii
1423 2690 1674 2774 praedes
1724 2690 1889 2774 iique
1939 2690 2275 2774 cognitores
2324 2689 2468 2754 facti

221 2841 413 2904 eaque
463 2816 706 2902 praedia
757 2815 1034 2894 subdita,
1090 2817 1447 2902 subsignata
1509 2817 1849 2902 obligatave
1899 2817 2155 2882 essent.''

335 3000 339 3004 ,
411 2944 640 3009 Eadem
674 2952 801 3008 erat
835 2944 1044 3030 procul
1082 2944 1268 3009 dubio
1306 2945 1551 3030 praedis
1598 2945 1894 3031 obligatio
1930 2955 2109 3031 atque
2144 2946 2339 3010 omnis
2380 2946 2479 3010 de-

217 3075 436 3142 biteris
471 3075 759 3161 quamdiu
799 3073 890 3138 vel
923 3073 1193 3159 privatae
1229 3073 1635 3159 obligationes
1674 3073 1916 3158 publice
1942 3073 2467 3139 contrahebantur.

364 3313 398 3374 ¹)
471 3313 540 3361 De
576 3312 665 3361 hac
701 3327 750 3362 re
786 3312 883 3360 fere
903 3326 1065 3361 omnes
1085 3311 1373 3376 interpretes
1399 3309 1728 3370 consentiunt3
1757 3309 1861 3360 vide
1884 3323 2181 3360 menonem,
2206 3309 2253 3358 in
2280 3309 2467 3374 Operez

213 3398 518 3464 Psandreekt
569 3413 617 3462 p.
673 3396 770 3445 220
825 3397 924 3444 not.
967 3396 1021 3454 13
1095 3395 1232 3444 Rem
1283 3396 1331 3444 in
1392 3397 1479 3458 Op.
1521 3396 1553 3444 l.
1591 3411 1637 3459 p.
1676 3395 1774 3444 364
1812 3399 1911 3446 not.
1948 3396 2023 3453 3.;
2095 3397 2379 3444 Dani-muno
2413 3395 2463 3442 in

221 3486 471 3533 Comment.
507 3483 636 3531 laud.
672 3499 719 3546 p.
759 3482 852 3540 82,
894 3485 942 3530 et
977 3481 1026 3530 in
1063 3482 1248 3546 Operez
1285 3481 1579 3542 Pfandrecht
1616 3482 1662 3538 Ι,
1703 3497 1746 3544 p.
1788 3479 1878 3539 27,
1918 3485 1967 3529 et
2002 3492 2179 3528 Rlvmn.
2212 3480 2260 3528 in
2304 3482 2389 3542 Op.
2426 3479 2462 3529 Ζ.

221 3587 275 3634 p.
315 3569 395 3617 53.
434 3570 656 3616 Attamen
697 3579 977 3626 MOMMSEN,
1017 3583 1156 3630 quem
1193 3567 1298 3616 vide
1335 3567 1381 3615 in
1421 3567 1601 3632 Opere:
1640 3567 1934 3616 Stadfrechte
1968 3582 2013 3630 p.
2050 3565 2176 3623 468,
2203 3565 2279 3613 cui
2304 3581 2461 3614 assen-

218 3655 303 3704 tiri
340 3653 528 3702 videtur
563 3665 769 3700 murima
805 3651 854 3700 in
898 3651 982 3713 Op.
1018 3653 1150 3700 laud.
1187 3668 1236 3716 p.
1277 3653 1370 3700 128
1410 3653 1458 3700 in
1493 3652 1613 3710 fine,
1653 3652 1745 3700 hoc
1782 3654 1923 3713 negat
1954 3651 2244 3699 contendens
2270 3667 2460 3714 rempu-

216 3740 394 3790 blicam
431 3739 490 3787 ab
526 3737 656 3788 omni
692 3738 846 3787 forma
883 3737 1080 3787 liberam
1120 3738 1280 3787 fuisse.
1320 3738 1391 3787 cf.
1431 3739 1488 3786 de
1525 3739 1617 3787 hoc
1654 3742 1932 3802 argumento
1970 3742 2187 3786 auctores
2223 3736 2465 3786 laudatos.

225 3826 489 3890 Perperam
528 3839 713 3888 quoque
753 3837 1032 3881 MOMMSEN,
1074 3823 1140 3872 Μ.
1186 3828 1292 3873 not.
1327 3824 1422 3884 32,
1468 3824 1606 3879 dicit,
1650 3823 1775 3887 quod
1812 3823 1851 3870 si
1887 3823 2139 3872 verborum
2177 3822 2469 3886 obligatione

220 3927 362 3976 praes
398 3913 638 3958 teneretur
674 3908 862 3958 nullum
905 3907 1042 3956 facile
1079 3907 1336 3957 discrimen
1376 3908 1581 3957 inveniri
1618 3909 1769 3973 possit
1801 3909 1929 3957 inter
1957 3908 2175 3972 praedem
2207 3913 2253 3956 et
2277 3924 2473 3973 sponso·

213 4014 343 4049 rems
372 4011 480 4044 nam

373 4080 432 4130 1⁰
502 4077 688 4144 praedis
723 4078 867 4126 modo
893 4079 941 4126 in
963 4079 1150 4144 publica
1171 4078 1462 4142 obligatione
1483 4095 1594 4128 usus
1615 4083 1709 4138 est,
1732 4079 1972 4143 sponsoris
1992 4083 2175 4128 tantum
2197 4080 2242 4128 in
2264 4080 2482 4144 privam

363 4165 427 4216 2⁰
493 4179 631 4229 praes
667 4178 852 4226 semper
888 4164 978 4211 soli
1014 4162 1303 4228 reipublicae
1340 4164 1579 4226 obligatus
1615 4167 1711 4222 est,
1752 4163 1936 4212 solutus
1972 4165 2095 4213 enim
2136 4165 2470 4228 liberatusque,

219 4257 275 4303 ut
311 4257 385 4301 est
419 4251 467 4298 iu
508 4250 635 4312 lege,
675 4263 773 4296 esse
812 4248 974 4308 debet,
1015 4263 1216 4312 sponsor
1253 4263 1364 4296 vero
1401 4249 1460 4296 ad
1498 4249 1707 4312 plurium
1746 4249 1904 4296 debita
1940 4250 2155 4298 adhiberi
2192 4252 2373 4312 potest3

361 4337 421 4386 3⁰
490 4339 656 4382 contra
680 4333 899 4398 praedem
927 4334 1221 4398 obligatione
1258 4335 1532 4391 commissa,
1560 4335 1723 4384 statim
1759 4334 1999 4383 exsecutio
2023 4333 2270 4400 procedit3
2301 4337 2478 4383 contra

221 4436 504 4489 sponsorem
545 4423 730 4468 tantum
765 4419 890 4482 apud
921 4418 1131 4481 judicem
1169 4419 1244 4482 agi
1279 4423 1452 4485 potest.

365 4508 404 4572 2)
484 4505 598 4555 Vide
634 4505 789 4571 Caput
825 4506 890 4555 64
927 4505 1042 4569 leqis
1079 4505 1202 4557 Mat.

2106 4603 2233 4666 ll-
