3027 5263
1588 548 1672 608 66

497 749 670 815 Haec
741 753 944 812 autem
993 744 1142 831 legis
1187 742 1230 807 J
1231 741 1394 807 uliae
1440 738 1669 825 placita
1714 738 1780 801 in
1830 735 2193 823 municipiis
2240 738 2463 802 nostris
2510 759 2767 825 quoque

499 874 766 959 viguisse
813 894 1031 957 negare
1078 892 1207 934 non
1239 868 1472 945 ausim,
1542 864 1706 950 quod
1756 865 1821 928 in
1871 863 1987 927 alia
2035 863 2189 948 legis
2240 869 2447 949 parte,
2502 864 2637 950 (ubi
2687 865 2769 931 de

495 1001 573 1064 iis
621 1021 774 1085 quae
818 999 1209 1084 requiruntur
1257 995 1326 1058 in
1373 1015 1582 1058 eorum
1632 991 1907 1077 personis
1941 989 2048 1075 qui
2080 989 2506 1076 magistratum
2541 997 2769 1078 petunt

501 1127 736 1212 agitur,
814 1125 938 1188 vid.
1013 1123 1162 1209 Cap.
1218 1124 1306 1186 54
1380 1120 1535 1204 legis
1606 1117 1783 1202 Mal.)
1855 1117 1933 1181 ad
2012 1117 2203 1203 ipsam
2270 1116 2467 1202 legem
2529 1117 2763 1182 Juliam

497 1254 816 1338 respicitur
828 1277 846 1330 3
917 1257 1197 1316 arcentur
1262 1249 1426 1312 enim
1491 1245 1647 1330 „qui
1712 1245 1779 1309 in
1843 1266 2047 1308 earum
2111 1265 2232 1329 qua
2298 1267 2481 1310 causa
2539 1251 2757 1325 erunt,

499 1387 746 1465 propter
793 1400 975 1463 quam
1039 1375 1094 1441 si
1144 1375 1308 1439 cives
1356 1371 1620 1437 Romani
1684 1376 1884 1434 essent
1932 1371 1999 1434 in
2046 1392 2299 1435 numero
2350 1370 2753 1436 decurionum

509 1503 990 1589 conscriptorum
1065 1523 1169 1566 eos
1241 1521 1366 1564 esse
1439 1504 1563 1562 non
1614 1494 1885 1562 liceret.”
1978 1495 2181 1582 Igitur
2226 1497 2528 1562 eiusmodi
2576 1499 2763 1562 inter·

499 1630 730 1694 dictum
778 1651 849 1693 ac
897 1625 1322 1692 continebatur
1368 1623 1501 1708 lege
1564 1621 1607 1686 J
1612 1621 1735 1686 ulia
1753 1670 1773 1701 ,
1836 1622 2019 1686 etiam
2068 1645 2169 1686 eos
2218 1622 2322 1708 qui
2371 1623 2577 1689 curiae
2604 1609 2760 1690 ¹Ma-

496 1756 795 1821 lacitanae
842 1755 1164 1840 participes
1212 1752 1342 1816 fieri
1393 1750 1618 1816 vellent
1668 1750 1999 1814 coercuisse
2048 1755 2220 1835 puto.

685 1880 1054 1948 Addendum
1103 1878 1341 1944 videtur
1390 1877 1454 1940 in
1503 1876 1853 1961 municipiis
1896 1876 2213 1941 libertinos
2247 1874 2322 1940 ab
2356 1875 2572 1942 ordine
2618 1898 2757 1963 pro-

499 2007 694 2073 hiberi
737 2008 812 2094 ¹),
863 2006 1028 2093 quod
1059 2005 1332 2070 Malacae
1366 2025 1608 2089 quoque
1642 2010 1703 2068 et
1736 2003 2059 2090 Salpensae
2091 2004 2535 2089 praescriptum
2567 2005 2757 2070 fuisse

497 2136 768 2214 videtur,
820 2135 918 2200 lex
969 2134 1130 2200 enim
1178 2133 1563 2219 municipalis
1613 2154 1716 2198 eos
1762 2154 2007 2218 quoque
2056 2132 2352 2218 ingenuos
2398 2155 2528 2200 esse
2582 2133 2757 2207 iubet

498 2580 850 2646 praefecturae,
903 2578 1036 2636 fora,
1085 2576 1404 2626 conciliabula
1457 2577 1633 2627 civium
1682 2579 2033 2634 Romanorum,
2084 2579 2198 2626 suut
2237 2580 2402 2637 erunt,
2452 2593 2513 2626 ne
2559 2579 2663 2643 quis
2696 2578 2750 2628 in

497 2681 662 2715 eorum
699 2680 792 2729 quo
847 2663 1136 2727 municipiO,
1185 2664 1398 2721 colonia,
1455 2664 1781 2727 praefectura,
1833 2662 2153 2711 conciliabulo
2206 2667 2373 2712 senatu
2413 2662 2750 2714 decurionibus

497 2749 874 2812 conscriptisque
925 2750 1054 2805 esto,
1104 2762 1222 2795 neve
1259 2747 1335 2796 cui
1378 2748 1442 2795 ibi
1481 2748 1529 2797 iu
1580 2764 1635 2797 eo
1670 2747 1837 2796 ordine
1884 2747 2171 2795 sententiam
2224 2747 2383 2796 dicere
2420 2748 2543 2797 ferre
2578 2748 2751 2808 liceto,

496 2835 578 2900 qui
613 2833 755 2890 furti,
793 2832 920 2895 quod
957 2834 1060 2897 ipse
1094 2831 1233 2889 fecit,
1271 2832 1465 2889 fecerit,
1503 2833 1845 2880 condemnatus
1880 2835 2106 2895 pactusve
2131 2836 2228 2889 est,
2256 2833 2379 2892 erit,
2408 2832 2550 2896 quive
2574 2832 2751 2883 iudicio

493 2918 718 2974 fiduciae,
760 2933 846 2981 pro
883 2917 1043 2973 socio,
1081 2917 1291 2977 tutelae,
1327 2916 1555 2973 mandati,
1595 2917 1905 2979 iujuriarum,
1942 2916 2060 2964 deve
2096 2916 2209 2964 dolo
2244 2918 2370 2965 malo
2407 2918 2749 2967 condemnatus

494 3008 592 3061 est,
629 3004 748 3061 erit,
786 3003 925 3067 quive
960 3002 1065 3067 lege
1099 3002 1374 3059 Plaetoria,
1411 3002 1472 3049 ob
1509 3017 1673 3049 eamve
1711 3017 1834 3061 rem,
1874 3001 2001 3064 quod
2029 3000 2254 3051 adversus
2278 3017 2384 3049 eam
2420 3001 2575 3064 legem
2608 3004 2756 3081 fecit,

493 3088 686 3145 fecerit,
725 3087 1070 3136 condemnatus
1105 3090 1179 3134 est
1213 3086 1336 3143 erit,
1374 3085 1513 3147 quive
1552 3084 1855 3149 depugnandi
1881 3100 2025 3134 causa
2050 3087 2325 3133 auctoratus
2351 3090 2450 3143 est,
2486 3086 2604 3143 erit,
2635 3087 2749 3145 fuit,

491 3171 660 3229 fuerit,
700 3172 837 3233 quive
887 3171 934 3219 in
968 3170 1075 3232 jure
1123 3169 1413 3232 abjuraverit
1461 3168 1696 3217 bonamve
1743 3169 1927 3233 copiam
1959 3168 2142 3232 juravit
2188 3169 2450 3231 juraverit,
2490 3171 2572 3232 qui
2606 3186 2754 3235 spou-

481 3240 682 3305 'soribus
736 3255 1152 3318 creditoribusque
1194 3254 1296 3302 suis
1348 3252 1671 3309 renuntiavit,
1712 3254 2059 3301 renuntiaverit
2104 3269 2154 3301 se
2189 3253 2397 3301 solidum
2433 3254 2619 3303 solvere
2658 3270 2755 3303 non

493 3352 665 3402 posse,
720 3353 871 3401 prove
922 3353 1016 3401 quo
1054 3337 1246 3395 datum,
1295 3338 1558 3401 depensum
1606 3342 1701 3394 est,
1752 3337 1874 3393 erit,
1922 3339 2150 3400 cuiusque
2192 3336 2316 3385 bona
2354 3353 2413 3385 ex
2447 3337 2607 3387 edicto
2650 3339 2752 3387 eius

495 3424 576 3487 qui
609 3422 706 3485 juri
743 3422 838 3471 dic.
877 3422 1086 3485 praefuit
1111 3450 1168 3459 —
1189 3439 1408 3487 possessa
1451 3423 1782 3485 proscriptave
1816 3426 1928 3470 sunt
1962 3426 2129 3480 erunt,
2169 3423 2310 3485 quive
2339 3422 2524 3485 judicio
2560 3424 2754 3488 publico

490 3508 672 3557 Romae
707 3507 1051 3556 condemnatus
1099 3512 1174 3555 est
1209 3508 1300 3555 erit
1353 3508 1579 3570 quocirca
1627 3522 1735 3554 eum
1772 3506 1820 3553 in
1856 3506 1998 3555 Italia
2044 3522 2145 3555 esse
2184 3523 2282 3555 non
2328 3507 2471 3556 liceat
2512 3536 2571 3545 —
2610 3510 2752 3573 quive

489 3591 538 3641 in
593 3608 648 3640 eo
703 3591 964 3655 municipio
1000 3616 1069 3629 —-
1105 3592 1238 3639 cuius
1293 3591 1385 3639 erit
1430 3590 1615 3654 judicio
1670 3590 1863 3654 publico
1906 3590 2252 3639 condemnatus
2285 3594 2358 3638 est
2392 3591 2515 3648 erit,
2551 3607 2753 3655 quemve

489 3677 752 3726 calumniae
799 3675 1222 3741 praevaricationis
1272 3691 1413 3724 causa
1461 3689 1707 3723 accusasse
1756 3674 1980 3722 fecisseve
2028 3675 2154 3737 quod
2197 3675 2465 3738 judicatum
2517 3680 2589 3724 est
2622 3677 2749 3737 erit,

489 3762 625 3809 cuive
661 3761 788 3824 apud
825 3760 1088 3810 exercitum
1143 3760 1432 3822 ignominiae
1479 3774 1621 3807 causa
1658 3759 1776 3806 ordo
1814 3759 2065 3823 ademptus
2098 3763 2172 3807 est
2209 3760 2323 3816 erit,
2365 3775 2565 3823 quemve
2600 3761 2749 3825 impe-

487 3848 621 3894 rator
655 3845 947 3907 ignominiae
984 3860 1128 3894 causa
1163 3844 1222 3893 ab
1259 3844 1473 3893 exercitu
1509 3843 1737 3892 decedere
1767 3843 1938 3906 jussit,
1962 3842 2155 3904 jusserit
2166 3863 2181 3902 3
2210 3845 2350 3907 quive
2376 3844 2437 3895 ob
2464 3849 2608 3909 caput
2631 3845 2749 3897 civis

485 3928 692 3979 Romani
728 3927 1032 3976 referendum
1065 3929 1316 3993 pecuniam
1343 3928 1609 3991 praemium
1637 3927 1824 3975 aliudve
1858 3926 1973 3989 quid
1998 3928 2123 3992 cepit
2147 3928 2355 3992 ceperit3
2380 3929 2520 3991 quive
2546 3944 2753 3995 corpore

484 4015 734 4076 quaestum
769 4011 909 4067 fecit,
947 4011 1132 4071 fecerit3
1174 4012 1314 4075 quive
1351 4013 1685 4061 lanistaturam
1720 4016 1931 4061 artemve
1969 4011 2207 4061 ludicram
2240 4012 2355 4062 fecit
2390 4014 2745 4078 fecerit3quive

481 4095 775 4145 lenocinium
809 4092 1010 4144 faciet.’'

621 4178 843 4243 Plerique
879 4194 1045 4227 eorum
1080 4179 1161 4243 qui
1195 4184 1506 4228 recensentur
1544 4180 1633 4229 hoc
1669 4179 1823 4244 capite
1859 4180 2157 4229 notabantur
2192 4179 2415 4239 iufamia3
2452 4179 2547 4229 vid.
2587 4181 2676 4246 leg.
2700 4182 2750 4233 1.

485 4264 547 4314 D.
580 4262 640 4311 de
670 4263 744 4311 hie
777 4263 858 4327 qui
891 4267 987 4311 not.
1022 4263 1223 4327 infamia
1260 4264 1399 4325 (3.2.)
1438 4267 1488 4313 et
1524 4263 1617 4326 leg.
1656 4264 1681 4311 1
1720 4266 1742 4324 ς
1772 4265 1802 4313 6
1839 4264 1902 4313 D.
1936 4265 1997 4313 de
2014 4265 2302 4326 postulando
2336 4264 2481 4326 (3.1.)

627 4348 660 4411 ¹)
731 4346 841 4396 vid.
876 4348 966 4411 leq.
1003 4364 1084 4397 un·
1131 4348 1250 4397 eod.
1296 4348 1364 4397 ad
1421 4350 1510 4413 leq.
1554 4349 1707 4399 Weele.
1755 4348 1913 4412 (9.21)
1962 4349 2167 4398 addatur
2208 4349 2291 4398 lex
2329 4349 2355 4397 l
2392 4355 2443 4398 ct
2478 4349 2509 4399 2
2546 4348 2670 4402 0021.
2706 4353 2752 4400 ei

475 4446 638 4481 servus
671 4436 761 4481 aut
791 4432 991 4481 libertus
1026 4433 1128 4493 (10.
1167 4432 1251 4494 32)
1291 4432 1353 4482 cf.
1391 4446 1561 4483 zuupr
1600 4433 1647 4481 iu
1690 4434 1926 4483 Commeat
1960 4434 2217 4497 AEffiiqraph.
2262 4432 2303 4482 Ι.
2342 4449 2390 4498 p.
2430 4432 2544 4482 122.
