3027 5263
1368 553 1449 615 75

464 746 610 811 Non
659 751 906 812 tantum
949 745 1079 830 ipse
1126 743 1236 829 qui
1285 742 1480 808 multa
1529 743 1783 808 affectus
1826 747 1916 807 eet
1956 743 2059 808 sed
2092 741 2251 808 alius
2285 761 2529 826 quoque

276 872 408 938 eius
455 872 734 952 nomine,
783 873 862 937 ad
909 872 1138 937 curiam
1185 891 1508 958 provocare
1556 875 1755 956 potest
1770 868 1835 954 ¹).
1932 868 2078 953 Ipsa
2126 869 2275 932 haee
2306 887 2527 952 provo·

278 1000 438 1064 catio
502 999 580 1064 ad
644 999 934 1064 Senatum
998 997 1434 1084 municipalem
1491 1003 1585 1062 est
1629 1018 1861 1062 novum
1908 995 2099 1080 quid;
2150 999 2289 1059 ante
2328 992 2529 1078 legem

275 1126 706 1192 Malacitanam
757 1132 902 1190 nota
949 1147 1075 1190 non
1125 1130 1284 1202 erat3
1336 1124 1563 1188 Romae
1613 1123 1775 1189 enim
1792 1172 1811 1203 ‚
1889 1123 1982 1187 uti
2044 1128 2205 1186 recte
2252 1119 2529 1184 animad-

272 1253 454 1318 vertit
521 1273 889 1318 Lanonnun
921 1253 969 1337 2)
989 1302 1008 1331 ,
1073 1252 1420 1338 provocatio
1486 1274 1523 1315 a
1584 1251 1795 1316 multis
1854 1271 2135 1316 concessa
2182 1253 2345 1327 erat,
2398 1268 2524 1310 nou

271 1384 476 1444 tamen
509 1379 588 1444 ad
619 1379 909 1444 Senatum
943 1379 1050 1442 sed
1083 1378 1160 1444 ad
1194 1377 1553 1464 populunfl)
1568 1402 1587 1456 3
1623 1379 1783 1442 hanc
1818 1383 2027 1463 postea
2058 1375 2299 1460 excepit
2324 1371 2528 1458 appel·

270 1504 423 1570 latio
471 1505 864 1590 Imperatoris
897 1504 971 1588 4).

460 1632 685 1716 Neque
731 1637 936 1694 tamen
985 1629 1207 1694 mirum
1257 1635 1346 1693 est
1394 1629 1667 1692 Malacae
1716 1628 2191 1714 appellationem
2226 1624 2525 1712 principis

261 1781 396 1824 non
431 1758 775 1834 memorari,
812 1779 952 1821 nam
984 1763 1118 1820 tum
1152 1756 1409 1840 antiqua
1442 1755 1793 1840 provocatio
1824 1761 1963 1818 tum
1993 1753 2325 1840 appellatio
2356 1753 2522 1838 prin-

267 1885 426 1969 cipis
459 1884 692 1949 civibus
722 1883 1013 1948 Romanis
1047 1881 1419 1967 competiit5)
1436 1906 1456 1959 3
1499 1881 1801 1946 Malacam
1835 1887 2037 1946 autem
2073 1888 2133 1944 et
2166 1880 2519 1966 Salpensam

267 2011 610 2096 municipia
657 2010 884 2075 Latina
913 2009 1104 2074 fuisse
1137 2008 1395 2074 ostendi.
1491 2006 1699 2074 Facile
1731 2029 1827 2072 me
1852 2007 2093 2092 judice,
2148 2005 2518 2090 intelligitur

265 2138 566 2223 municipi
625 2137 850 2202 Latino
898 2136 1142 2200 licuisse
1192 2136 1268 2200 ad
1317 2136 1564 2200 comitia
1617 2135 1712 2200 sui
1776 2135 2099 2218 municipii
2158 2155 2481 2219 provocare
2500 2182 2519 2212 ,

265 2264 491 2330 deinde
539 2263 863 2330 Caesarum
911 2270 1214 2348 tempore,
1267 2285 1406 2328 cum
1467 2263 1818 2348 provocatio
1852 2262 1929 2326 ad
1961 2261 2259 2347 populum
2291 2261 2521 2324 Romae

265 2390 520 2455 omnino
583 2390 976 2470 cessavisset,
1046 2389 1232 2456 etiam
1298 2390 1546 2456 comitia
1594 2390 1659 2454 in
1722 2388 2078 2473 municipiis
2145 2389 2301 2452 hanc
2343 2386 2525 2472 juris·-

265 2515 606 2582 dictionem
655 2516 929 2582 amisisse
988 2523 1050 2581 et
1095 2517 1204 2582 illo
1250 2522 1524 2604 tempore
1555 2517 2049 2603 provocationem
2102 2516 2177 2582 ad
2228 2516 2522 2580 Senatum

269 2644 528 2710 concedi
577 2651 850 2730 coeptam
898 2666 1047 2711 esse.

455 2771 708 2837 Prorsus
756 2772 878 2837 alia
925 2777 1020 2837 est
1065 2770 1323 2838 facultas
1373 2794 1530 2857 quae
1563 2772 1815 2837 Senatui
1863 2772 2040 2839 datur
2070 2772 2137 2837 in
2172 2770 2391 2857 Capite
2425 2772 2461 2833 6
2475 2772 2513 2833 2

259 2897 416 2985 legis
464 2897 906 2965 Malacitanae:
960 2900 1220 2965 vetitum
1292 2905 1422 2964 erat
1467 2898 1535 2965 in
1582 2899 1918 2986 municipio
1976 2899 2347 2965 Malacitano
2364 2947 2385 2976 ,
2434 2919 2513 2965 ne

256 3171 580 3237 appellatione
636 3173 1065 3222 extraordinariam
1119 3174 1442 3239 cognitionem
1476 3190 1568 3225 usu
1602 3175 1799 3235 venire,
1825 3172 2059 3238 judicium
2104 3186 2219 3223 vero
2256 3188 2355 3221 nou
2388 3170 2515 3224 dari.

256 3256 470 3305 Tantum
506 3257 874 3306 examinandum
908 3261 982 3307 est
1020 3262 1181 3308 utrum
1217 3259 1472 3325 appellatio
1507 3260 1573 3309 sit
1603 3260 1733 3325 juata
1768 3275 1941 3319 necne,
1981 3259 2120 3309 inde:
2155 3260 2321 3307 utrum
2357 3256 2515 3307 multa

255 3340 320 3389 ait
350 3340 482 3404 justa
517 3355 663 3389 necne
699 3341 794 3389 vid.
831 3342 922 3403 leg.
961 3343 991 3391 2
1027 3344 1089 3392 D.
1124 3346 1230 3406 quis
1262 3361 1292 3391 a
1328 3360 1419 3408 quo
1453 3346 1627 3407 appell.
1664 3346 1847 3407 (49.3),
1882 3344 1965 3393 ubi
1986 3344 2189 3409 legitate
2224 3340 2515 3407 „Appellari

254 3441 286 3473 a
321 3423 494 3489 legatia
529 3426 788 3489 proconsul
821 3429 986 3489 potest
1020 3432 1068 3475 et
1101 3427 1144 3475 ai
1179 3428 1380 3477 multam
1415 3429 1596 3478 dixerit
1628 3433 1787 3493 potest
1818 3430 1878 3479 de
1910 3429 2163 3493 iniquitate
2186 3428 2289 3477 eius
2311 3441 2505 3492 coquos·

254 3524 392 3565 cere,
429 3512 477 3557 et
511 3509 636 3572 quod
674 3510 910 3574 optimum
946 3512 1185 3573 putaverit
1221 3516 1432 3561 statuere
1466 3515 1530 3562 cf.
1566 3514 1643 3577 leg
1679 3515 1709 3562 2
1745 3530 1819 3579 pr.
1857 3515 1917 3563 D.
1952 3514 2143 3577 quando
2176 3513 2346 3575 appell.
2370 3512 2438 3559 sit
2460 3512 2507 3558 et

252 3594 391 3643 intra
417 3593 589 3655 (49.4).
623 3594 702 3643 De
731 3594 1003 3657 cognitione
1025 3595 1109 3644 illa
1135 3596 1280 3645 verba
1305 3597 1423 3661 legis
1460 3598 1744 3661 „judicium,
1771 3597 2020 3661 judicare”
2044 3594 2355 3659 intelligenda
2379 3597 2507 3643 eunt.

404 3677 439 3738 ¹)
506 3676 642 3725 Idem
661 3676 842 3726 Romae
860 3678 1117 3728 Caesarum
1134 3684 1347 3745 tempore
1371 3682 1668 3740 invaluerat5
1688 3682 1839 3730 cuivis
1859 3681 2013 3739 enim,
2040 3681 2183 3729 etiam
2202 3678 2354 3727 invito
2376 3678 2511 3727 dam·

251 3764 398 3816 nato,
433 3761 693 3825 appellatio
731 3763 946 3812 Caesaris
981 3768 1083 3813 erat
1118 3766 1382 3829 permissa3
1422 3766 1530 3815 vide
1566 3780 1832 3816 urrunnu
1869 3765 1920 3814 in
1960 3765 2065 3829 lege
2110 3765 2140 3812 6
2166 3764 2228 3814 D.
2259 3764 2319 3811 de
2354 3762 2509 3826 appel.

246 3852 298 3897 et
327 3847 416 3897 rel.
454 3846 554 3906 (49.
594 3847 658 3901 1).
696 3846 756 3897 cf.
792 3846 888 3911 leg.
929 3851 962 3897 4
998 3852 1021 3909 §
1059 3850 1105 3899 2.
1143 3851 1208 3898 D.
1243 3852 1452 3899 eiusdem
1491 3852 1582 3902 Tit.

388 3929 430 3993 ²)
494 3930 555 3980 In
593 3931 774 3995 Opere:
806 3932 878 3983 les
916 3933 1078 3983 Tables
1111 3950 1158 3999 p.
1183 3936 1275 3993 48,
1303 3938 1403 3985 not.
1433 3937 1515 3986 54.
1574 3936 1718 4001 Fugit
1741 3937 1939 3985 fortasse
1964 3936 2121 3986 virum
2147 3934 2209 3985 cl.
2245 3933 2503 3984 Caesarum

246 4018 466 4078 tempore
517 4030 860 4079 nonnunquam
912 4019 1306 4081 provocationem
1358 4021 1418 4069 ad
1471 4022 1699 4079 Senatum
1735 4038 1823 4071 usu
1870 4022 2085 4082 venisse,
2124 4038 2170 4071 ν.
2206 4038 2253 4085 g.
2287 4023 2503 4083 tempore

239 4112 498 4158 mmmm
553 4100 614 4149 cf.
652 4114 948 4151 somommr
999 4103 1046 4151 iu
1101 4104 1198 4152 vita
1235 4106 1455 4162 Neronis,
1501 4106 1619 4171 Cap.
1670 4106 1753 4157 17.
1800 4120 2025 4157 Taetrum
2059 4107 2241 4157 Annal.
2274 4105 2383 4157 Lib.
2421 4105 2503 4155 14·

241 4186 364 4250 Cap.
400 4186 485 4235 28.
520 4185 631 4235 add.
666 4186 760 4235 lex.
798 4188 824 4236 1
865 4189 888 4247 ς
925 4190 973 4237 2.
1012 4189 1072 4238 D.
1107 4206 1139 4238 a
1173 4190 1342 4253 quibus
1375 4191 1615 4254 appellari
1645 4208 1736 4241 non
1775 4193 1887 4243 licet
1918 4194 2093 4256 (49.2).

383 4269 424 4334 3)
496 4269 614 4318 Vide
649 4283 944 4321 ommonem
979 4274 1040 4321 de
1072 4276 1160 4339 leq.
1199 4275 1298 4325 111.
1336 4277 1452 4341 Cap.
1492 4279 1544 4327 3.

376 4352 421 4414 4)
493 4353 611 4402 Vide
645 4368 801 4403 raum
835 4356 948 4406 Rea.
983 4358 1113 4408 Seut.
1154 4360 1202 4409 5.
1239 4361 1323 4410 26.
1360 4362 1406 4410 1.

384 4438 425 4499 ⁵)
496 4437 612 4488 Vide
637 4438 772 4491 locos
796 4444 896 4491 not.
917 4442 965 4491 3.
991 4443 1212 4507 4.1aud.;
1239 4445 1348 4497 add.
1373 4446 1470 4505 lex,
1503 4445 1561 4505 7,
1588 4447 1647 4496 D.
1672 4448 1740 4497 ad
1758 4450 1850 4512 leq.
1873 4448 1969 4499 Iul.
1994 4449 2053 4499 de
2086 4446 2134 4498 vi
2150 4448 2283 4512 publ.
2318 4446 2499 4510 (48.6)·
