<?xml version="1.0" encoding="UTF-8"?>
<!DOCTYPE html PUBLIC "-//W3C//DTD XHTML 1.0 Transitional//EN"
    "http://www.w3.org/TR/xhtml1/DTD/xhtml1-transitional.dtd">
<html xmlns="http://www.w3.org/1999/xhtml" xml:lang="en" lang="en">
 <head>
  <title>
</title>
<meta http-equiv="Content-Type" content="text/html;charset=utf-8" />
  <meta name='ocr-system' content='tesseract 3.04.00' />
  <meta name='ocr-capabilities' content='ocr_page ocr_carea ocr_par ocr_line ocrx_word'/>
</head>
<body>
  <div class='ocr_page' id='page_1' title='image "./disquisitiodeae00swingoog_0083.png"; bbox 0 0 3027 5263; ppageno 0'>
   <div class='ocr_carea' id='block_1_1' title="bbox 1273 643 1354 705">
    <p class='ocr_par' dir='ltr' id='par_1_1' title="bbox 1273 643 1354 705">
     <span class='ocr_line' id='line_1_1' title="bbox 1273 643 1354 705; baseline 0.025 -2"><span class='ocrx_word' id='word_1_1' title='bbox 1273 643 1354 705; x_wconf 88' lang='grc'><strong>67</strong></span> 
     </span>
    </p>
   </div>
   <div class='ocr_carea' id='block_1_2' title="bbox 169 833 2437 3194">
    <p class='ocr_par' dir='ltr' id='par_1_2' title="bbox 175 833 2428 1175">
     <span class='ocr_line' id='line_1_2' title="bbox 179 833 2428 924; baseline 0.002 -24"><span class='ocrx_word' id='word_1_2' title='bbox 179 836 292 920; x_wconf 87' lang='lat' dir='ltr'><strong>qui</strong></span> <span class='ocrx_word' id='word_1_3' title='bbox 357 835 772 920; x_wconf 85' lang='lat' dir='ltr'><strong>magistratum</strong></span> <span class='ocrx_word' id='word_1_4' title='bbox 844 839 1057 919; x_wconf 87' lang='lat' dir='ltr'><strong>petant</strong></span> <span class='ocrx_word' id='word_1_5' title='bbox 1094 833 1157 919; x_wconf 81' lang='lat'><strong>¹).</strong></span> <span class='ocrx_word' id='word_1_6' title='bbox 1255 833 1482 899; x_wconf 87' lang='lat' dir='ltr'><strong>Romae</strong></span> <span class='ocrx_word' id='word_1_7' title='bbox 1551 856 1675 900; x_wconf 90' lang='lat' dir='ltr'><strong>non</strong></span> <span class='ocrx_word' id='word_1_8' title='bbox 1738 857 1947 902; x_wconf 88' lang='lat' dir='ltr'><strong>omnes</strong></span> <span class='ocrx_word' id='word_1_9' title='bbox 2011 837 2307 924; x_wconf 85' lang='lat' dir='ltr'><strong>ingenuos</strong></span> <span class='ocrx_word' id='word_1_10' title='bbox 2361 842 2428 906; x_wconf 91' lang='lat' dir='ltr'><strong>in</strong></span> 
     </span>
     <span class='ocr_line' id='line_1_3' title="bbox 175 961 2425 1051; baseline 0.002 -24"><span class='ocrx_word' id='word_1_11' title='bbox 175 963 472 1028; x_wconf 77' lang='lat' dir='ltr'>Senatum</span> <span class='ocrx_word' id='word_1_12' title='bbox 520 967 786 1048; x_wconf 88' lang='lat' dir='ltr'><strong>receptos</strong></span> <span class='ocrx_word' id='word_1_13' title='bbox 834 962 1055 1040; x_wconf 86' lang='lat' dir='ltr'><strong>fuisse,</strong></span> <span class='ocrx_word' id='word_1_14' title='bbox 1105 961 1229 1025; x_wconf 90' lang='lat' dir='ltr'><strong>imo</strong></span> <span class='ocrx_word' id='word_1_15' title='bbox 1279 961 1707 1026; x_wconf 83' lang='lat' dir='ltr'><strong>libertinorum</strong></span> <span class='ocrx_word' id='word_1_16' title='bbox 1753 963 1915 1027; x_wconf 91' lang='lat' dir='ltr'><strong>filios</strong></span> <span class='ocrx_word' id='word_1_17' title='bbox 1962 986 2204 1051; x_wconf 88' lang='lat' dir='ltr'><strong>quoque</strong></span> <span class='ocrx_word' id='word_1_18' title='bbox 2256 989 2291 1030; x_wconf 87' lang='lat' dir='ltr'><strong>a</strong></span> <span class='ocrx_word' id='word_1_19' title='bbox 2321 967 2425 1032; x_wconf 88' lang='lat' dir='ltr'><strong>Se-</strong></span> 
     </span>
     <span class='ocr_line' id='line_1_4' title="bbox 178 1088 1886 1175; baseline 0.001 -21"><span class='ocrx_word' id='word_1_20' title='bbox 178 1096 336 1154; x_wconf 88' lang='lat' dir='ltr'><strong>natu</strong></span> <span class='ocrx_word' id='word_1_21' title='bbox 381 1088 658 1153; x_wconf 87' lang='lat' dir='ltr'><strong>exclusos</strong></span> <span class='ocrx_word' id='word_1_22' title='bbox 706 1088 925 1166; x_wconf 86' lang='lat' dir='ltr'><strong>fuisse,</strong></span> <span class='ocrx_word' id='word_1_23' title='bbox 977 1088 1299 1152; x_wconf 84' lang='lat' dir='ltr'><strong>memoriae</strong></span> <span class='ocrx_word' id='word_1_24' title='bbox 1346 1089 1647 1154; x_wconf 85' lang='lat' dir='ltr'><strong>traditum</strong></span> <span class='ocrx_word' id='word_1_25' title='bbox 1695 1096 1783 1154; x_wconf 87' lang='lat' dir='ltr'><strong>est</strong></span> <span class='ocrx_word' id='word_1_26' title='bbox 1815 1091 1886 1175; x_wconf 80' lang='lat'><strong>²).</strong></span> 
     </span>
    </p>

    <p class='ocr_par' dir='ltr' id='par_1_3' title="bbox 176 1214 2430 1428">
     <span class='ocr_line' id='line_1_5' title="bbox 367 1214 2430 1300; baseline 0.002 -20"><span class='ocrx_word' id='word_1_27' title='bbox 367 1215 503 1280; x_wconf 82' lang='lat' dir='ltr'><strong>Jam</strong></span> <span class='ocrx_word' id='word_1_28' title='bbox 554 1215 816 1280; x_wconf 89' lang='lat' dir='ltr'><strong>vidimus</strong></span> <span class='ocrx_word' id='word_1_29' title='bbox 880 1214 1103 1300; x_wconf 88' lang='lat' dir='ltr'><strong>quibus</strong></span> <span class='ocrx_word' id='word_1_30' title='bbox 1167 1216 1368 1280; x_wconf 84' lang='lat' dir='ltr'><strong>curiae</strong></span> <span class='ocrx_word' id='word_1_31' title='bbox 1415 1217 1715 1282; x_wconf 78' lang='lat' dir='ltr'><strong>interesse</strong></span> <span class='ocrx_word' id='word_1_32' title='bbox 1781 1239 1905 1282; x_wconf 91' lang='lat' dir='ltr'><strong>non</strong></span> <span class='ocrx_word' id='word_1_33' title='bbox 1956 1218 2170 1296; x_wconf 81' lang='lat' dir='ltr'><strong>liceat3</strong></span> <span class='ocrx_word' id='word_1_34' title='bbox 2219 1219 2295 1283; x_wconf 86' lang='lat' dir='ltr'><strong>ad</strong></span> <span class='ocrx_word' id='word_1_35' title='bbox 2329 1241 2430 1284; x_wconf 92' lang='lat' dir='ltr'><strong>eos</strong></span> 
     </span>
     <span class='ocr_line' id='line_1_6' title="bbox 176 1334 1703 1428; baseline -0.001 -21"><span class='ocrx_word' id='word_1_36' title='bbox 176 1365 352 1407; x_wconf 89' lang='lat' dir='ltr'><strong>nunc</strong></span> <span class='ocrx_word' id='word_1_37' title='bbox 397 1334 753 1406; x_wconf 86' lang='lat' dir='ltr'><strong>accedamus</strong></span> <span class='ocrx_word' id='word_1_38' title='bbox 801 1340 912 1426; x_wconf 90' lang='lat' dir='ltr'><strong>qui</strong></span> <span class='ocrx_word' id='word_1_39' title='bbox 959 1341 1124 1404; x_wconf 90' lang='lat' dir='ltr'><strong>illius</strong></span> <span class='ocrx_word' id='word_1_40' title='bbox 1172 1348 1317 1406; x_wconf 86' lang='lat' dir='ltr'><strong>sunt</strong></span> <span class='ocrx_word' id='word_1_41' title='bbox 1362 1344 1703 1428; x_wconf 88' lang='lat' dir='ltr'><strong>participes.</strong></span> 
     </span>
    </p>

    <p class='ocr_par' dir='ltr' id='par_1_4' title="bbox 169 1466 2431 1806">
     <span class='ocr_line' id='line_1_7' title="bbox 366 1466 2425 1547; baseline 0.001 -15"><span class='ocrx_word' id='word_1_42' title='bbox 366 1469 460 1532; x_wconf 92' lang='lat' dir='ltr'><strong>De</strong></span> <span class='ocrx_word' id='word_1_43' title='bbox 507 1488 761 1532; x_wconf 90' lang='lat' dir='ltr'><strong>numero</strong></span> <span class='ocrx_word' id='word_1_44' title='bbox 811 1466 1210 1530; x_wconf 83' lang='lat' dir='ltr'><strong>decurionum</strong></span> <span class='ocrx_word' id='word_1_45' title='bbox 1257 1488 1382 1530; x_wconf 89' lang='lat' dir='ltr'><strong>non</strong></span> <span class='ocrx_word' id='word_1_46' title='bbox 1419 1473 1674 1547; x_wconf 79' lang='lat' dir='ltr'><strong>constat3</strong></span> <span class='ocrx_word' id='word_1_47' title='bbox 1720 1477 1953 1534; x_wconf 84' lang='lat' dir='ltr'><strong>certum</strong></span> <span class='ocrx_word' id='word_1_48' title='bbox 1986 1491 2305 1534; x_wconf 85' lang='lat' dir='ltr'><strong>numerum</strong></span> <span class='ocrx_word' id='word_1_49' title='bbox 2337 1478 2425 1535; x_wconf 84' lang='lat' dir='ltr'><strong>ta·</strong></span> 
     </span>
     <span class='ocr_line' id='line_1_8' title="bbox 169 1592 2431 1678; baseline 0.001 -19"><span class='ocrx_word' id='word_1_50' title='bbox 169 1617 321 1659; x_wconf 87' lang='lat' dir='ltr'><strong>men</strong></span> <span class='ocrx_word' id='word_1_51' title='bbox 351 1593 628 1659; x_wconf 78' lang='lat' dir='ltr'><strong>Malacae</strong></span> <span class='ocrx_word' id='word_1_52' title='bbox 663 1599 723 1656; x_wconf 89' lang='lat' dir='ltr'><strong>et</strong></span> <span class='ocrx_word' id='word_1_53' title='bbox 753 1592 1077 1678; x_wconf 87' lang='lat' dir='ltr'><strong>Salpensae</strong></span> <span class='ocrx_word' id='word_1_54' title='bbox 1108 1593 1292 1656; x_wconf 86' lang='lat' dir='ltr'><strong>fuisse</strong></span> <span class='ocrx_word' id='word_1_55' title='bbox 1325 1600 1575 1678; x_wconf 85' lang='lat' dir='ltr'><strong>apparet</strong></span> <span class='ocrx_word' id='word_1_56' title='bbox 1609 1617 1685 1658; x_wconf 83' lang='lat' dir='ltr'><strong>ex</strong></span> <span class='ocrx_word' id='word_1_57' title='bbox 1720 1597 1897 1660; x_wconf 87' lang='lat' dir='ltr'><strong>variis</strong></span> <span class='ocrx_word' id='word_1_58' title='bbox 1936 1596 2082 1661; x_wconf 88' lang='lat' dir='ltr'><strong>locis</strong></span> <span class='ocrx_word' id='word_1_59' title='bbox 2108 1597 2214 1662; x_wconf 90' lang='lat' dir='ltr'><strong>ubi</strong></span> <span class='ocrx_word' id='word_1_60' title='bbox 2239 1619 2431 1662; x_wconf 88' lang='lat' dir='ltr'><strong>sermo</strong></span> 
     </span>
     <span class='ocr_line' id='line_1_9' title="bbox 172 1717 2384 1806; baseline 0.001 -21"><span class='ocrx_word' id='word_1_61' title='bbox 172 1726 272 1786; x_wconf 88' lang='lat' dir='ltr'><strong>est</strong></span> <span class='ocrx_word' id='word_1_62' title='bbox 325 1720 401 1784; x_wconf 92' lang='lat' dir='ltr'><strong>de</strong></span> <span class='ocrx_word' id='word_1_63' title='bbox 449 1717 684 1784; x_wconf 87' lang='lat' dir='ltr'><strong>duabus</strong></span> <span class='ocrx_word' id='word_1_64' title='bbox 717 1717 992 1803; x_wconf 87' lang='lat' dir='ltr'><strong>partibus</strong></span> <span class='ocrx_word' id='word_1_65' title='bbox 1041 1718 1348 1802; x_wconf 78' lang='lat' dir='ltr'><strong>requisitis</strong></span> <span class='ocrx_word' id='word_1_66' title='bbox 1396 1723 1466 1782; x_wconf 84' lang='lat' dir='ltr'><strong>ut</strong></span> <span class='ocrx_word' id='word_1_67' title='bbox 1517 1719 1826 1784; x_wconf 86' lang='lat' dir='ltr'><strong>decretum</strong></span> <span class='ocrx_word' id='word_1_68' title='bbox 1874 1728 2075 1786; x_wconf 86' lang='lat' dir='ltr'><strong>ratum</strong></span> <span class='ocrx_word' id='word_1_69' title='bbox 2125 1728 2282 1786; x_wconf 87' lang='lat' dir='ltr'><strong>esset</strong></span> <span class='ocrx_word' id='word_1_70' title='bbox 2318 1723 2384 1806; x_wconf 77' lang='lat'><strong>³).</strong></span> 
     </span>
    </p>

    <p class='ocr_par' dir='ltr' id='par_1_5' title="bbox 171 1844 2427 2184">
     <span class='ocr_line' id='line_1_10' title="bbox 365 1844 2427 1932; baseline 0.002 -22"><span class='ocrx_word' id='word_1_71' title='bbox 365 1846 597 1910; x_wconf 82' lang='lat' dir='ltr'><strong>Romae</strong></span> <span class='ocrx_word' id='word_1_72' title='bbox 646 1866 890 1932; x_wconf 91' lang='lat' dir='ltr'><strong>quoque</strong></span> <span class='ocrx_word' id='word_1_73' title='bbox 940 1851 1000 1909; x_wconf 86' lang='lat' dir='ltr'><strong>et</strong></span> <span class='ocrx_word' id='word_1_74' title='bbox 1048 1845 1110 1908; x_wconf 90' lang='lat' dir='ltr'><strong>in</strong></span> <span class='ocrx_word' id='word_1_75' title='bbox 1159 1844 1298 1909; x_wconf 89' lang='lat' dir='ltr'><strong>aliis</strong></span> <span class='ocrx_word' id='word_1_76' title='bbox 1348 1845 1695 1911; x_wconf 86' lang='lat' dir='ltr'><strong>civitatibus</strong></span> <span class='ocrx_word' id='word_1_77' title='bbox 1729 1847 1778 1931; x_wconf 70' lang='lat'><strong>4)</strong></span> <span class='ocrx_word' id='word_1_78' title='bbox 1828 1857 2024 1914; x_wconf 89' lang='lat' dir='ltr'><strong>certus</strong></span> <span class='ocrx_word' id='word_1_79' title='bbox 2080 1857 2427 1914; x_wconf 88' lang='lat' dir='ltr'><strong>senatorum</strong></span> 
     </span>
     <span class='ocr_line' id='line_1_11' title="bbox 171 1970 2427 2060; baseline 0.001 -22"><span class='ocrx_word' id='word_1_80' title='bbox 171 1995 470 2038; x_wconf 86' lang='lat' dir='ltr'><strong>numerus</strong></span> <span class='ocrx_word' id='word_1_81' title='bbox 520 1979 684 2050; x_wconf 88' lang='lat' dir='ltr'><strong>erat;</strong></span> <span class='ocrx_word' id='word_1_82' title='bbox 738 1970 1054 2036; x_wconf 86' lang='lat' dir='ltr'><strong>differebat</strong></span> <span class='ocrx_word' id='word_1_83' title='bbox 1100 1976 1300 2036; x_wconf 87' lang='lat' dir='ltr'><strong>tamen</strong></span> <span class='ocrx_word' id='word_1_84' title='bbox 1353 1995 1464 2056; x_wconf 89' lang='lat' dir='ltr'><strong>pro</strong></span> <span class='ocrx_word' id='word_1_85' title='bbox 1515 1972 1763 2038; x_wconf 87' lang='lat' dir='ltr'><strong>diversis</strong></span> <span class='ocrx_word' id='word_1_86' title='bbox 1813 1973 2186 2060; x_wconf 82' lang='lat' dir='ltr'><strong>temporibus</strong></span> <span class='ocrx_word' id='word_1_87' title='bbox 2220 1977 2292 2058; x_wconf 75' lang='grc'><strong>5).</strong></span> <span class='ocrx_word' id='word_1_88' title='bbox 2347 1975 2427 2040; x_wconf 92' lang='lat' dir='ltr'><strong>In</strong></span> 
     </span>
     <span class='ocr_line' id='line_1_12' title="bbox 175 2097 2027 2184; baseline -0.001 -20"><span class='ocrx_word' id='word_1_89' title='bbox 175 2097 596 2184; x_wconf 82' lang='lat' dir='ltr'><strong>compluribus</strong></span> <span class='ocrx_word' id='word_1_90' title='bbox 643 2097 994 2183; x_wconf 88' lang='lat' dir='ltr'><strong>municipiis</strong></span> <span class='ocrx_word' id='word_1_91' title='bbox 1040 2120 1330 2162; x_wconf 90' lang='lat' dir='ltr'><strong>numerus</strong></span> <span class='ocrx_word' id='word_1_92' title='bbox 1377 2098 1497 2162; x_wconf 81' lang='lat' dir='ltr'><strong>fuit</strong></span> <span class='ocrx_word' id='word_1_93' title='bbox 1544 2099 1923 2164; x_wconf 87' lang='lat' dir='ltr'><strong>centenarius</strong></span> <span class='ocrx_word' id='word_1_94' title='bbox 1956 2099 2027 2183; x_wconf 78' lang='lat'><strong>⁰).</strong></span> 
     </span>
    </p>

    <p class='ocr_par' dir='ltr' id='par_1_6' title="bbox 173 2223 2435 2693">
     <span class='ocr_line' id='line_1_13' title="bbox 285 2223 2428 2310; baseline 0 -22"><span class='ocrx_word' id='word_1_95' title='bbox 285 2275 290 2279; x_wconf 89' lang='lat'><strong>.</strong></span> <span class='ocrx_word' id='word_1_96' title='bbox 369 2223 542 2288; x_wconf 89' lang='lat' dir='ltr'><strong>Num</strong></span> <span class='ocrx_word' id='word_1_97' title='bbox 590 2246 800 2288; x_wconf 90' lang='lat' dir='ltr'><strong>omnes</strong></span> <span class='ocrx_word' id='word_1_98' title='bbox 851 2224 1205 2288; x_wconf 85' lang='lat' dir='ltr'><strong>decuriones</strong></span> <span class='ocrx_word' id='word_1_99' title='bbox 1272 2224 1482 2288; x_wconf 89' lang='lat' dir='ltr'><strong>eodem</strong></span> <span class='ocrx_word' id='word_1_100' title='bbox 1532 2230 1676 2288; x_wconf 90' lang='lat' dir='ltr'><strong>sunt</strong></span> <span class='ocrx_word' id='word_1_101' title='bbox 1718 2225 1852 2308; x_wconf 88' lang='lat' dir='ltr'><strong>jure</strong></span> <span class='ocrx_word' id='word_1_102' title='bbox 1901 2225 2184 2290; x_wconf 89' lang='lat' dir='ltr'><strong>eademve</strong></span> <span class='ocrx_word' id='word_1_103' title='bbox 2232 2225 2428 2310; x_wconf 88' lang='lat' dir='ltr'><strong>digni·</strong></span> 
     </span>
     <span class='ocr_line' id='line_1_14' title="bbox 173 2351 2435 2436; baseline -0.001 -18"><span class='ocrx_word' id='word_1_104' title='bbox 173 2359 310 2418; x_wconf 79' lang='lat' dir='ltr'><strong>tate</strong></span> <span class='ocrx_word' id='word_1_105' title='bbox 371 2351 706 2417; x_wconf 76' lang='lat' dir='ltr'><strong>fruuntur?</strong></span> <span class='ocrx_word' id='word_1_106' title='bbox 801 2351 970 2416; x_wconf 90' lang='lat' dir='ltr'><strong>Huic</strong></span> <span class='ocrx_word' id='word_1_107' title='bbox 1029 2352 1374 2436; x_wconf 87' lang='lat' dir='ltr'><strong>quaestioni</strong></span> <span class='ocrx_word' id='word_1_108' title='bbox 1441 2351 1541 2416; x_wconf 86' lang='lat' dir='ltr'><strong>lex</strong></span> <span class='ocrx_word' id='word_1_109' title='bbox 1604 2363 1811 2416; x_wconf 87' lang='lat' dir='ltr'><strong>nostra</strong></span> <span class='ocrx_word' id='word_1_110' title='bbox 1876 2352 2097 2416; x_wconf 81' lang='lat' dir='ltr'><strong>diserte</strong></span> <span class='ocrx_word' id='word_1_111' title='bbox 2144 2374 2267 2416; x_wconf 86' lang='lat' dir='ltr'><strong>non</strong></span> <span class='ocrx_word' id='word_1_112' title='bbox 2316 2375 2435 2418; x_wconf 88' lang='lat' dir='ltr'><strong>res·</strong></span> 
     </span>
     <span class='ocr_line' id='line_1_15' title="bbox 174 2466 2431 2566; baseline -0 -23"><span class='ocrx_word' id='word_1_113' title='bbox 174 2466 448 2566; x_wconf 60' lang='lat' dir='ltr'><strong>pendet,</strong></span> <span class='ocrx_word' id='word_1_114' title='bbox 523 2501 596 2542; x_wconf 82' lang='lat' dir='ltr'><strong>ex</strong></span> <span class='ocrx_word' id='word_1_115' title='bbox 643 2475 777 2542; x_wconf 82' lang='lat' dir='ltr'><strong>aliis</strong></span> <span class='ocrx_word' id='word_1_116' title='bbox 823 2483 1028 2542; x_wconf 87' lang='lat' dir='ltr'><strong>tamen</strong></span> <span class='ocrx_word' id='word_1_117' title='bbox 1075 2484 1348 2542; x_wconf 87' lang='lat' dir='ltr'><strong>veterum</strong></span> <span class='ocrx_word' id='word_1_118' title='bbox 1395 2477 1787 2558; x_wconf 83' lang='lat' dir='ltr'><strong>testimoniis,</strong></span> <span class='ocrx_word' id='word_1_119' title='bbox 1841 2477 2057 2542; x_wconf 88' lang='lat' dir='ltr'><strong>collata</strong></span> <span class='ocrx_word' id='word_1_120' title='bbox 2123 2478 2255 2563; x_wconf 87' lang='lat' dir='ltr'><strong>lege</strong></span> <span class='ocrx_word' id='word_1_121' title='bbox 2302 2478 2431 2544; x_wconf 90' lang='lat' dir='ltr'><strong>Sal·</strong></span> 
     </span>
     <span class='ocr_line' id='line_1_16' title="bbox 175 2602 1338 2693; baseline -0.003 -22"><span class='ocrx_word' id='word_1_122' title='bbox 175 2627 486 2693; x_wconf 85' lang='lat' dir='ltr'><strong>pensana,</strong></span> <span class='ocrx_word' id='word_1_123' title='bbox 539 2626 894 2691; x_wconf 89' lang='lat' dir='ltr'><strong>responsum</strong></span> <span class='ocrx_word' id='word_1_124' title='bbox 942 2602 1072 2690; x_wconf 88' lang='lat' dir='ltr'><strong>peti</strong></span> <span class='ocrx_word' id='word_1_125' title='bbox 1117 2608 1338 2689; x_wconf 86' lang='lat' dir='ltr'><strong>potest.</strong></span> 
     </span>
    </p>

    <p class='ocr_par' dir='ltr' id='par_1_7' title="bbox 176 2730 2437 3194">
     <span class='ocr_line' id='line_1_17' title="bbox 372 2730 2432 2818; baseline -0 -21"><span class='ocrx_word' id='word_1_126' title='bbox 372 2733 600 2797; x_wconf 83' lang='lat' dir='ltr'><strong>Romae</strong></span> <span class='ocrx_word' id='word_1_127' title='bbox 661 2731 878 2817; x_wconf 88' lang='lat' dir='ltr'><strong>procul</strong></span> <span class='ocrx_word' id='word_1_128' title='bbox 943 2730 1128 2795; x_wconf 88' lang='lat' dir='ltr'><strong>dubio</strong></span> <span class='ocrx_word' id='word_1_129' title='bbox 1177 2754 1212 2795; x_wconf 88' lang='lat' dir='ltr'><strong>a</strong></span> <span class='ocrx_word' id='word_1_130' title='bbox 1275 2731 1492 2796; x_wconf 88' lang='lat' dir='ltr'><strong>ceteris</strong></span> <span class='ocrx_word' id='word_1_131' title='bbox 1568 2730 1926 2795; x_wconf 84' lang='lat' dir='ltr'><strong>differebant</strong></span> <span class='ocrx_word' id='word_1_132' title='bbox 1977 2732 2275 2817; x_wconf 77' lang='lat' dir='ltr'><strong>dignitate</strong></span> <span class='ocrx_word' id='word_1_133' title='bbox 2325 2733 2432 2818; x_wconf 89' lang='lat' dir='ltr'><strong>qui</strong></span> 
     </span>
     <span class='ocr_line' id='line_1_18' title="bbox 176 2856 2437 2945; baseline 0 -23"><span class='ocrx_word' id='word_1_134' title='bbox 176 2858 424 2945; x_wconf 88' lang='lat' dir='ltr'><strong>pedarii</strong></span> <span class='ocrx_word' id='word_1_135' title='bbox 473 2864 776 2923; x_wconf 83' lang='lat' dir='ltr'><strong>senatores</strong></span> <span class='ocrx_word' id='word_1_136' title='bbox 827 2856 1219 2921; x_wconf 86' lang='lat' dir='ltr'><strong>vocabantur.</strong></span> <span class='ocrx_word' id='word_1_137' title='bbox 1279 2857 1417 2921; x_wconf 92' lang='lat' dir='ltr'><strong>Hoc</strong></span> <span class='ocrx_word' id='word_1_138' title='bbox 1464 2856 1715 2921; x_wconf 88' lang='lat' dir='ltr'><strong>nomine</strong></span> <span class='ocrx_word' id='word_1_139' title='bbox 1764 2858 2272 2942; x_wconf 86' lang='lat' dir='ltr'><strong>designabantur,</strong></span> <span class='ocrx_word' id='word_1_140' title='bbox 2310 2859 2437 2944; x_wconf 89' lang='lat' dir='ltr'><strong>opi·</strong></span> 
     </span>
     <span class='ocr_line' id='line_1_19' title="bbox 183 2982 2437 3070; baseline -0.001 -20"><span class='ocrx_word' id='word_1_141' title='bbox 183 3003 341 3065; x_wconf 84' lang='lat' dir='ltr'><strong>nor,</strong></span> <span class='ocrx_word' id='word_1_142' title='bbox 407 2985 517 3070; x_wconf 89' lang='lat' dir='ltr'><strong>qui</strong></span> <span class='ocrx_word' id='word_1_143' title='bbox 581 2984 754 3049; x_wconf 90' lang='lat' dir='ltr'><strong>nullo</strong></span> <span class='ocrx_word' id='word_1_144' title='bbox 818 2984 1049 3048; x_wconf 91' lang='lat' dir='ltr'><strong>honore</strong></span> <span class='ocrx_word' id='word_1_145' title='bbox 1112 2988 1286 3069; x_wconf 87' lang='lat' dir='ltr'><strong>gesto</strong></span> <span class='ocrx_word' id='word_1_146' title='bbox 1335 2983 1401 3047; x_wconf 92' lang='lat' dir='ltr'><strong>in</strong></span> <span class='ocrx_word' id='word_1_147' title='bbox 1465 2982 1757 3047; x_wconf 85' lang='lat' dir='ltr'><strong>Senatum</strong></span> <span class='ocrx_word' id='word_1_148' title='bbox 1815 2992 1986 3047; x_wconf 89' lang='lat' dir='ltr'><strong>erant</strong></span> <span class='ocrx_word' id='word_1_149' title='bbox 2032 2983 2177 3048; x_wconf 91' lang='lat' dir='ltr'><strong>lecti</strong></span> <span class='ocrx_word' id='word_1_150' title='bbox 2224 2991 2286 3049; x_wconf 87' lang='lat' dir='ltr'><strong>et</strong></span> <span class='ocrx_word' id='word_1_151' title='bbox 2334 3008 2437 3069; x_wconf 90' lang='lat' dir='ltr'><strong>po-</strong></span> 
     </span>
     <span class='ocr_line' id='line_1_20' title="bbox 180 3109 2435 3194; baseline -0.001 -18"><span class='ocrx_word' id='word_1_152' title='bbox 180 3111 399 3177; x_wconf 89' lang='lat' dir='ltr'><strong>stremi</strong></span> <span class='ocrx_word' id='word_1_153' title='bbox 445 3119 618 3176; x_wconf 86' lang='lat' dir='ltr'><strong>erant</strong></span> <span class='ocrx_word' id='word_1_154' title='bbox 667 3112 826 3175; x_wconf 88' lang='lat' dir='ltr'><strong>inter</strong></span> <span class='ocrx_word' id='word_1_155' title='bbox 875 3118 1218 3187; x_wconf 85' lang='lat' dir='ltr'><strong>senatores,</strong></span> <span class='ocrx_word' id='word_1_156' title='bbox 1271 3110 1415 3194; x_wconf 89' lang='lat' dir='ltr'><strong>quia</strong></span> <span class='ocrx_word' id='word_1_157' title='bbox 1445 3109 1809 3173; x_wconf 87' lang='lat' dir='ltr'><strong>sententiam</strong></span> <span class='ocrx_word' id='word_1_158' title='bbox 1858 3109 2059 3173; x_wconf 91' lang='lat' dir='ltr'><strong>dicere</strong></span> <span class='ocrx_word' id='word_1_159' title='bbox 2106 3110 2169 3173; x_wconf 91' lang='lat' dir='ltr'><strong>in</strong></span> <span class='ocrx_word' id='word_1_160' title='bbox 2220 3115 2435 3173; x_wconf 88' lang='lat' dir='ltr'><strong>senatu</strong></span> 
     </span>
    </p>
   </div>
   <div class='ocr_carea' id='block_1_3' title="bbox 178 3224 2437 3325">
    <p class='ocr_par' dir='ltr' id='par_1_8' title="bbox 178 3224 2437 3325">
     <span class='ocr_line' id='line_1_21' title="bbox 178 3224 2437 3325; baseline -0.002 -20"><span class='ocrx_word' id='word_1_161' title='bbox 178 3261 314 3305; x_wconf 91' lang='lat' dir='ltr'><strong>non</strong></span> <span class='ocrx_word' id='word_1_162' title='bbox 362 3224 672 3318; x_wconf 86' lang='lat' dir='ltr'><strong>solebant,</strong></span> <span class='ocrx_word' id='word_1_163' title='bbox 721 3239 826 3303; x_wconf 90' lang='lat' dir='ltr'><strong>sed</strong></span> <span class='ocrx_word' id='word_1_164' title='bbox 873 3260 982 3325; x_wconf 87' lang='lat' dir='ltr'><strong>per</strong></span> <span class='ocrx_word' id='word_1_165' title='bbox 1015 3237 1438 3303; x_wconf 86' lang='lat' dir='ltr'><strong>discessionem</strong></span> <span class='ocrx_word' id='word_1_166' title='bbox 1469 3237 1833 3302; x_wconf 88' lang='lat' dir='ltr'><strong>sententiam</strong></span> <span class='ocrx_word' id='word_1_167' title='bbox 1869 3236 2142 3301; x_wconf 83' lang='lat' dir='ltr'><strong>ferebant</strong></span> <span class='ocrx_word' id='word_1_168' title='bbox 2178 3237 2257 3323; x_wconf 67' lang='grc' dir='ltr'><strong>τ);</strong></span> <span class='ocrx_word' id='word_1_169' title='bbox 2294 3238 2437 3320; x_wconf 78' lang='lat' dir='ltr'><strong>jure</strong></span> 
     </span>
    </p>
   </div>
   <div class='ocr_carea' id='block_1_4' title="bbox 189 3417 602 3429">
    <p class='ocr_par' dir='ltr' id='par_1_9' title="bbox 189 3417 602 3429">
     <span class='ocr_line' id='line_1_22' title="bbox 189 3417 602 3429; baseline 0 1834"><span class='ocrx_word' id='word_1_170' title='bbox 189 3417 602 3429; x_wconf 95' lang='lat' dir='ltr'><strong> </strong></span> 
     </span>
    </p>
   </div>
   <div class='ocr_carea' id='block_1_5' title="bbox 176 3515 2445 4594">
    <p class='ocr_par' dir='ltr' id='par_1_10' title="bbox 330 3515 1156 3581">
     <span class='ocr_line' id='line_1_23' title="bbox 330 3515 1156 3581; baseline 0.005 -19"><span class='ocrx_word' id='word_1_171' title='bbox 330 3517 369 3576; x_wconf 77' lang='lat'><strong>¹)</strong></span> <span class='ocrx_word' id='word_1_172' title='bbox 443 3516 549 3565; x_wconf 84' lang='lat' dir='ltr'><strong>vid.</strong></span> <span class='ocrx_word' id='word_1_173' title='bbox 585 3516 708 3581; x_wconf 84' lang='lat' dir='ltr'><strong>Cap.</strong></span> <span class='ocrx_word' id='word_1_174' title='bbox 743 3516 840 3575; x_wconf 76' lang='lat'><strong>54,</strong></span> <span class='ocrx_word' id='word_1_175' title='bbox 875 3515 998 3580; x_wconf 83' lang='lat' dir='ltr'><strong>legis</strong></span> <span class='ocrx_word' id='word_1_176' title='bbox 1034 3516 1156 3566; x_wconf 85' lang='lat' dir='ltr'><strong>Mal.</strong></span> 
     </span>
    </p>

    <p class='ocr_par' dir='ltr' id='par_1_11' title="bbox 187 3598 2437 3744">
     <span class='ocr_line' id='line_1_24' title="bbox 330 3598 2437 3665; baseline -0.001 -16"><span class='ocrx_word' id='word_1_177' title='bbox 330 3601 371 3660; x_wconf 71' lang='grc'><strong>’2)</strong></span> <span class='ocrx_word' id='word_1_178' title='bbox 449 3601 550 3652; x_wconf 84' lang='lat' dir='ltr'><strong>vid.</strong></span> <span class='ocrx_word' id='word_1_179' title='bbox 585 3613 824 3651; x_wconf 64' lang='lat' dir='ltr'><strong>cresson.</strong></span> <span class='ocrx_word' id='word_1_180' title='bbox 865 3616 956 3663; x_wconf 83' lang='lat' dir='ltr'><strong>pro</strong></span> <span class='ocrx_word' id='word_1_181' title='bbox 995 3601 1177 3650; x_wconf 77' lang='lat' dir='ltr'><strong>Cluent-</strong></span> <span class='ocrx_word' id='word_1_182' title='bbox 1225 3600 1339 3665; x_wconf 84' lang='lat' dir='ltr'><strong>Cap.</strong></span> <span class='ocrx_word' id='word_1_183' title='bbox 1379 3598 1444 3651; x_wconf 82' lang='lat'><strong>47</strong></span> <span class='ocrx_word' id='word_1_184' title='bbox 1485 3602 1508 3661; x_wconf 73' lang='grc' dir='ltr'><strong>ς</strong></span> <span class='ocrx_word' id='word_1_185' title='bbox 1550 3600 1671 3660; x_wconf 80' lang='grc'><strong>132;</strong></span> <span class='ocrx_word' id='word_1_186' title='bbox 1710 3613 1916 3658; x_wconf 75' lang='lat' dir='ltr'><strong>mvmu,</strong></span> <span class='ocrx_word' id='word_1_187' title='bbox 1954 3599 2057 3651; x_wconf 81' lang='lat' dir='ltr'><strong>Lib.</strong></span> <span class='ocrx_word' id='word_1_188' title='bbox 2095 3600 2152 3659; x_wconf 89' lang='grc'><strong>9,</strong></span> <span class='ocrx_word' id='word_1_189' title='bbox 2190 3600 2307 3663; x_wconf 82' lang='lat' dir='ltr'><strong>Cap.</strong></span> <span class='ocrx_word' id='word_1_190' title='bbox 2348 3600 2437 3657; x_wconf 80' lang='grc'><strong>29,</strong></span> 
     </span>
     <span class='ocr_line' id='line_1_25' title="bbox 187 3686 410 3744; baseline -0.013 -6"><span class='ocrx_word' id='word_1_191' title='bbox 187 3686 290 3744; x_wconf 84' lang='lat'><strong>30,</strong></span> <span class='ocrx_word' id='word_1_192' title='bbox 327 3687 410 3735; x_wconf 82' lang='lat'><strong>46.</strong></span> 
     </span>
    </p>

    <p class='ocr_par' dir='ltr' id='par_1_12' title="bbox 328 3766 2247 3833">
     <span class='ocr_line' id='line_1_26' title="bbox 328 3766 2247 3833; baseline -0.001 -17"><span class='ocrx_word' id='word_1_193' title='bbox 328 3768 368 3832; x_wconf 75' lang='lat'><strong>³)</strong></span> <span class='ocrx_word' id='word_1_194' title='bbox 439 3768 546 3819; x_wconf 84' lang='lat' dir='ltr'><strong>vid.</strong></span> <span class='ocrx_word' id='word_1_195' title='bbox 583 3768 702 3833; x_wconf 83' lang='lat' dir='ltr'><strong>Cap.</strong></span> <span class='ocrx_word' id='word_1_196' title='bbox 737 3768 830 3823; x_wconf 79' lang='lat'><strong>28,</strong></span> <span class='ocrx_word' id='word_1_197' title='bbox 868 3766 959 3825; x_wconf 82' lang='grc'><strong>29,</strong></span> <span class='ocrx_word' id='word_1_198' title='bbox 998 3768 1116 3831; x_wconf 71' lang='lat' dir='ltr'><strong>leqis</strong></span> <span class='ocrx_word' id='word_1_199' title='bbox 1149 3768 1278 3831; x_wconf 84' lang='lat' dir='ltr'><strong>Salp.</strong></span> <span class='ocrx_word' id='word_1_200' title='bbox 1314 3784 1420 3831; x_wconf 84' lang='lat' dir='ltr'><strong>cap.</strong></span> <span class='ocrx_word' id='word_1_201' title='bbox 1458 3768 1549 3827; x_wconf 84' lang='lat'><strong>61,</strong></span> <span class='ocrx_word' id='word_1_202' title='bbox 1590 3769 1679 3826; x_wconf 82' lang='grc'><strong>62,</strong></span> <span class='ocrx_word' id='word_1_203' title='bbox 1718 3769 1808 3827; x_wconf 80' lang='lat'><strong>64,</strong></span> <span class='ocrx_word' id='word_1_204' title='bbox 1848 3768 1943 3826; x_wconf 89' lang='grc'><strong>68,</strong></span> <span class='ocrx_word' id='word_1_205' title='bbox 1976 3768 2093 3831; x_wconf 72' lang='lat' dir='ltr'><strong>leqie</strong></span> <span class='ocrx_word' id='word_1_206' title='bbox 2128 3768 2247 3816; x_wconf 81' lang='lat' dir='ltr'><strong>Mal.</strong></span> 
     </span>
    </p>

    <p class='ocr_par' dir='ltr' id='par_1_13' title="bbox 324 3852 1611 3917">
     <span class='ocr_line' id='line_1_27' title="bbox 324 3852 1611 3917; baseline 0.001 -16"><span class='ocrx_word' id='word_1_207' title='bbox 324 3852 369 3913; x_wconf 75' lang='lat'><strong>4)</strong></span> <span class='ocrx_word' id='word_1_208' title='bbox 438 3852 512 3903; x_wconf 82' lang='lat' dir='ltr'><strong>cf.</strong></span> <span class='ocrx_word' id='word_1_209' title='bbox 547 3853 640 3917; x_wconf 89' lang='lat' dir='ltr'><strong>leg.</strong></span> <span class='ocrx_word' id='word_1_210' title='bbox 677 3854 708 3902; x_wconf 83' lang='lat'>2</span> <span class='ocrx_word' id='word_1_211' title='bbox 744 3868 820 3917; x_wconf 87' lang='lat' dir='ltr'><strong>pr.</strong></span> <span class='ocrx_word' id='word_1_212' title='bbox 853 3852 914 3902; x_wconf 90' lang='lat' dir='ltr'><strong>D.</strong></span> <span class='ocrx_word' id='word_1_213' title='bbox 950 3853 1008 3901; x_wconf 80' lang='lat' dir='ltr'><strong>de</strong></span> <span class='ocrx_word' id='word_1_214' title='bbox 1039 3854 1200 3902; x_wconf 79' lang='lat' dir='ltr'><strong>decur.</strong></span> <span class='ocrx_word' id='word_1_215' title='bbox 1237 3856 1283 3900; x_wconf 77' lang='lat' dir='ltr'><strong>et</strong></span> <span class='ocrx_word' id='word_1_216' title='bbox 1301 3854 1384 3917; x_wconf 82' lang='lat' dir='ltr'><strong>fil.</strong></span> <span class='ocrx_word' id='word_1_217' title='bbox 1421 3854 1611 3915; x_wconf 57' lang='lat'><strong>(5020.</strong></span> 
     </span>
    </p>

    <p class='ocr_par' dir='ltr' id='par_1_14' title="bbox 325 3934 2082 4001">
     <span class='ocr_line' id='line_1_28' title="bbox 325 3934 2082 4001; baseline 0.001 -16"><span class='ocrx_word' id='word_1_218' title='bbox 325 3938 368 3998; x_wconf 81' lang='lat'><strong>5)</strong></span> <span class='ocrx_word' id='word_1_219' title='bbox 438 3938 544 3986; x_wconf 84' lang='lat' dir='ltr'><strong>vid.</strong></span> <span class='ocrx_word' id='word_1_220' title='bbox 580 3950 773 3997; x_wconf 71' lang='lat' dir='ltr'><strong>munt,</strong></span> <span class='ocrx_word' id='word_1_221' title='bbox 813 3938 1276 4001; x_wconf 70' lang='lat' dir='ltr'><strong>Realencyclopedie,</strong></span> <span class='ocrx_word' id='word_1_222' title='bbox 1317 3938 1368 3987; x_wconf 88' lang='lat' dir='ltr'><strong>in</strong></span> <span class='ocrx_word' id='word_1_223' title='bbox 1406 3953 1521 3986; x_wconf 85' lang='lat' dir='ltr'><strong>voce</strong></span> <span class='ocrx_word' id='word_1_224' title='bbox 1554 3937 1756 3985; x_wconf 82' lang='lat' dir='ltr'><strong>Senatus</strong></span> <span class='ocrx_word' id='word_1_225' title='bbox 1795 3953 1841 4000; x_wconf 87' lang='lat' dir='ltr'><strong>p.</strong></span> <span class='ocrx_word' id='word_1_226' title='bbox 1880 3934 2082 3987; x_wconf 63' lang='lat'><strong>99697.</strong></span> 
     </span>
    </p>

    <p class='ocr_par' dir='ltr' id='par_1_15' title="bbox 176 4021 2445 4170">
     <span class='ocr_line' id='line_1_29' title="bbox 331 4021 2445 4087; baseline -0.001 -16"><span class='ocrx_word' id='word_1_227' title='bbox 331 4022 371 4085; x_wconf 79' lang='lat'><strong>⁶)</strong></span> <span class='ocrx_word' id='word_1_228' title='bbox 443 4024 657 4087; x_wconf 82' lang='lat' dir='ltr'><strong>Capuae,</strong></span> <span class='ocrx_word' id='word_1_229' title='bbox 717 4038 764 4072; x_wconf 82' lang='lat' dir='ltr'><strong>v.</strong></span> <span class='ocrx_word' id='word_1_230' title='bbox 817 4037 862 4083; x_wconf 80' lang='lat' dir='ltr'><strong>g.</strong></span> <span class='ocrx_word' id='word_1_231' title='bbox 913 4022 1031 4081; x_wconf 84' lang='lat' dir='ltr'><strong>(vid.</strong></span> <span class='ocrx_word' id='word_1_232' title='bbox 1087 4034 1323 4071; x_wconf 61' lang='lat' dir='ltr'><strong>eleemon.</strong></span> <span class='ocrx_word' id='word_1_233' title='bbox 1373 4023 1435 4071; x_wconf 84' lang='lat' dir='ltr'><strong>de</strong></span> <span class='ocrx_word' id='word_1_234' title='bbox 1468 4024 1570 4086; x_wconf 70' lang='lat' dir='ltr'><strong>leye</strong></span> <span class='ocrx_word' id='word_1_235' title='bbox 1626 4022 1839 4086; x_wconf 75' lang='lat' dir='ltr'><strong>Aqraria</strong></span> <span class='ocrx_word' id='word_1_236' title='bbox 1874 4022 1951 4080; x_wconf 85' lang='lat'><strong>11,</strong></span> <span class='ocrx_word' id='word_1_237' title='bbox 1994 4022 2110 4085; x_wconf 83' lang='lat' dir='ltr'><strong>Cap.</strong></span> <span class='ocrx_word' id='word_1_238' title='bbox 2148 4021 2240 4080; x_wconf 83' lang='lat'><strong>35,</strong></span> <span class='ocrx_word' id='word_1_239' title='bbox 2276 4022 2299 4081; x_wconf 72' lang='grc' dir='ltr'><strong>ς</strong></span> <span class='ocrx_word' id='word_1_240' title='bbox 2334 4021 2445 4084; x_wconf 88' lang='grc'><strong>96),</strong></span> 
     </span>
     <span class='ocr_line' id='line_1_30' title="bbox 176 4103 1452 4170; baseline -0.002 -13"><span class='ocrx_word' id='word_1_241' title='bbox 176 4108 414 4158; x_wconf 83' lang='lat' dir='ltr'><strong>Perusiae</strong></span> <span class='ocrx_word' id='word_1_242' title='bbox 451 4107 546 4155; x_wconf 80' lang='lat' dir='ltr'><strong>vid.</strong></span> <span class='ocrx_word' id='word_1_243' title='bbox 583 4108 811 4170; x_wconf 73' lang='lat' dir='ltr'><strong>Inscript.</strong></span> <span class='ocrx_word' id='word_1_244' title='bbox 849 4119 1060 4163; x_wconf 61' lang='lat' dir='ltr'><strong>oneum</strong></span> <span class='ocrx_word' id='word_1_245' title='bbox 1098 4122 1178 4156; x_wconf 92' lang='lat' dir='ltr'><strong>no.</strong></span> <span class='ocrx_word' id='word_1_246' title='bbox 1215 4103 1365 4155; x_wconf 81' lang='lat'><strong>3739.</strong></span> <span class='ocrx_word' id='word_1_247' title='bbox 1449 4112 1452 4117; x_wconf 84' lang='grc'><em>“</em></span> 
     </span>
    </p>

    <p class='ocr_par' dir='ltr' id='par_1_16' title="bbox 176 4190 2445 4594">
     <span class='ocr_line' id='line_1_31' title="bbox 330 4190 2444 4253; baseline 0 -14"><span class='ocrx_word' id='word_1_248' title='bbox 330 4192 367 4253; x_wconf 83' lang='lat'><strong>⁷)</strong></span> <span class='ocrx_word' id='word_1_249' title='bbox 435 4191 509 4239; x_wconf 89' lang='lat' dir='ltr'><strong>De</strong></span> <span class='ocrx_word' id='word_1_250' title='bbox 543 4192 736 4239; x_wconf 85' lang='lat' dir='ltr'><strong>nomine</strong></span> <span class='ocrx_word' id='word_1_251' title='bbox 773 4191 833 4241; x_wconf 83' lang='lat' dir='ltr'><strong>cf.</strong></span> <span class='ocrx_word' id='word_1_252' title='bbox 870 4190 1016 4239; x_wconf 85' lang='lat' dir='ltr'><strong>verba</strong></span> <span class='ocrx_word' id='word_1_253' title='bbox 1063 4204 1264 4249; x_wconf 64' lang='lat' dir='ltr'><strong>omffin,</strong></span> <span class='ocrx_word' id='word_1_254' title='bbox 1314 4190 1418 4239; x_wconf 82' lang='lat' dir='ltr'><strong>Lib.</strong></span> <span class='ocrx_word' id='word_1_255' title='bbox 1457 4191 1486 4238; x_wconf 76' lang='lat'><strong>3</strong></span> <span class='ocrx_word' id='word_1_256' title='bbox 1525 4190 1643 4253; x_wconf 85' lang='lat' dir='ltr'><strong>Cap,</strong></span> <span class='ocrx_word' id='word_1_257' title='bbox 1684 4190 1774 4247; x_wconf 85' lang='lat'><strong>18;</strong></span> <span class='ocrx_word' id='word_1_258' title='bbox 1812 4190 1926 4249; x_wconf 83' lang='lat' dir='ltr'><strong>„sed</strong></span> <span class='ocrx_word' id='word_1_259' title='bbox 1963 4205 2043 4238; x_wconf 86' lang='lat' dir='ltr'><strong>eos</strong></span> <span class='ocrx_word' id='word_1_260' title='bbox 2078 4192 2322 4239; x_wconf 85' lang='lat' dir='ltr'><strong>senatores</strong></span> <span class='ocrx_word' id='word_1_261' title='bbox 2358 4193 2444 4253; x_wconf 87' lang='lat' dir='ltr'><strong>qui</strong></span> 
     </span>
     <span class='ocr_line' id='line_1_32' title="bbox 178 4274 2445 4340; baseline -0.002 -15"><span class='ocrx_word' id='word_1_262' title='bbox 178 4276 524 4339; x_wconf 82' lang='lat' dir='ltr'><strong>magistratum</strong></span> <span class='ocrx_word' id='word_1_263' title='bbox 571 4276 786 4324; x_wconf 87' lang='lat' dir='ltr'><strong>curulem</strong></span> <span class='ocrx_word' id='word_1_264' title='bbox 833 4275 1044 4324; x_wconf 87' lang='lat' dir='ltr'><strong>nondum</strong></span> <span class='ocrx_word' id='word_1_265' title='bbox 1093 4278 1317 4340; x_wconf 81' lang='lat' dir='ltr'><strong>ceperant</strong></span> <span class='ocrx_word' id='word_1_266' title='bbox 1365 4275 1567 4339; x_wconf 87' lang='lat' dir='ltr'><strong>pedibus</strong></span> <span class='ocrx_word' id='word_1_267' title='bbox 1612 4275 1808 4324; x_wconf 82' lang='lat' dir='ltr'><strong>itavisse</strong></span> <span class='ocrx_word' id='word_1_268' title='bbox 1861 4274 1911 4323; x_wconf 85' lang='lat' dir='ltr'><strong>in</strong></span> <span class='ocrx_word' id='word_1_269' title='bbox 1946 4274 2152 4323; x_wconf 73' lang='lat' dir='ltr'><strong>euriamz</strong></span> <span class='ocrx_word' id='word_1_270' title='bbox 2192 4277 2445 4340; x_wconf 78' lang='lat' dir='ltr'><strong>propterea</strong></span> 
     </span>
     <span class='ocr_line' id='line_1_33' title="bbox 178 4359 2442 4425; baseline -0.003 -12"><span class='ocrx_word' id='word_1_271' title='bbox 178 4366 436 4413; x_wconf 82' lang='lat' dir='ltr'><strong>senatores</strong></span> <span class='ocrx_word' id='word_1_272' title='bbox 471 4362 682 4411; x_wconf 84' lang='lat' dir='ltr'><strong>nondum</strong></span> <span class='ocrx_word' id='word_1_273' title='bbox 717 4360 980 4425; x_wconf 78' lang='lat' dir='ltr'><strong>majoribus</strong></span> <span class='ocrx_word' id='word_1_274' title='bbox 1015 4360 1280 4410; x_wconf 86' lang='lat' dir='ltr'><strong>honoribus</strong></span> <span class='ocrx_word' id='word_1_275' title='bbox 1313 4360 1504 4410; x_wconf 84' lang='lat' dir='ltr'><strong>functos</strong></span> <span class='ocrx_word' id='word_1_276' title='bbox 1533 4360 1753 4425; x_wconf 75' lang='lat' dir='ltr'><strong>pedat-ios</strong></span> <span class='ocrx_word' id='word_1_277' title='bbox 1778 4359 2096 4409; x_wconf 81' lang='lat' dir='ltr'><strong>nominatos.”</strong></span> <span class='ocrx_word' id='word_1_278' title='bbox 2168 4359 2292 4409; x_wconf 86' lang='lat' dir='ltr'><strong>Add.</strong></span> <span class='ocrx_word' id='word_1_279' title='bbox 2329 4372 2442 4408; x_wconf 67' lang='lat' dir='ltr'><strong>rus·</strong></span> 
     </span>
     <span class='ocr_line' id='line_1_34' title="bbox 176 4431 2439 4510; baseline -0.003 -12"><span class='ocrx_word' id='word_1_280' title='bbox 176 4460 309 4505; x_wconf 70' lang='lat'><strong>1158,</strong></span> <span class='ocrx_word' id='word_1_281' title='bbox 357 4446 416 4495; x_wconf 78' lang='lat' dir='ltr'><strong>de</strong></span> <span class='ocrx_word' id='word_1_282' title='bbox 461 4446 584 4497; x_wconf 83' lang='lat' dir='ltr'><strong>Verb.</strong></span> <span class='ocrx_word' id='word_1_283' title='bbox 625 4447 752 4509; x_wconf 68' lang='grc' dir='ltr'><strong>δέρη.</strong></span> <span class='ocrx_word' id='word_1_284' title='bbox 782 4461 832 4510; x_wconf 84' lang='lat' dir='ltr'><strong>p.</strong></span> <span class='ocrx_word' id='word_1_285' title='bbox 868 4445 968 4494; x_wconf 84' lang='lat'><strong>210</strong></span> <span class='ocrx_word' id='word_1_286' title='bbox 1013 4444 1089 4493; x_wconf 85' lang='lat' dir='ltr'><strong>ed.</strong></span> <span class='ocrx_word' id='word_1_287' title='bbox 1136 4448 1369 4503; x_wconf 70' lang='lat' dir='ltr'><strong>uiinnnn,</strong></span> <span class='ocrx_word' id='word_1_288' title='bbox 1417 4444 1500 4493; x_wconf 85' lang='lat' dir='ltr'><strong>ubi</strong></span> <span class='ocrx_word' id='word_1_289' title='bbox 1538 4445 1655 4494; x_wconf 84' lang='lat' dir='ltr'><strong>dicit</strong></span> <span class='ocrx_word' id='word_1_290' title='bbox 1688 4445 1746 4493; x_wconf 85' lang='lat' dir='ltr'><strong>de</strong></span> <span class='ocrx_word' id='word_1_291' title='bbox 1784 4431 1979 4509; x_wconf 72' lang='lat' dir='ltr'><strong>pedat-io</strong></span> <span class='ocrx_word' id='word_1_292' title='bbox 2017 4444 2224 4503; x_wconf 80' lang='lat' dir='ltr'><strong>„tacitus</strong></span> <span class='ocrx_word' id='word_1_293' title='bbox 2258 4446 2439 4492; x_wconf 83' lang='lat' dir='ltr'><strong>transe-</strong></span> 
     </span>
     <span class='ocr_line' id='line_1_35' title="bbox 181 4528 1924 4594; baseline -0.001 -13"><span class='ocrx_word' id='word_1_294' title='bbox 181 4531 322 4581; x_wconf 86' lang='lat' dir='ltr'><strong>undo</strong></span> <span class='ocrx_word' id='word_1_295' title='bbox 359 4530 420 4580; x_wconf 83' lang='lat' dir='ltr'><strong>ad</strong></span> <span class='ocrx_word' id='word_1_296' title='bbox 456 4546 562 4580; x_wconf 85' lang='lat' dir='ltr'><strong>eum</strong></span> <span class='ocrx_word' id='word_1_297' title='bbox 602 4530 736 4581; x_wconf 87' lang='lat' dir='ltr'><strong>cuius</strong></span> <span class='ocrx_word' id='word_1_298' title='bbox 772 4529 1058 4580; x_wconf 81' lang='lat' dir='ltr'><strong>seutentiam</strong></span> <span class='ocrx_word' id='word_1_299' title='bbox 1093 4528 1268 4593; x_wconf 83' lang='lat' dir='ltr'><strong>probat</strong></span> <span class='ocrx_word' id='word_1_300' title='bbox 1303 4529 1415 4594; x_wconf 87' lang='lat' dir='ltr'><strong>quid</strong></span> <span class='ocrx_word' id='word_1_301' title='bbox 1453 4530 1656 4586; x_wconf 86' lang='lat' dir='ltr'><strong>sentiat,</strong></span> <span class='ocrx_word' id='word_1_302' title='bbox 1692 4528 1924 4579; x_wconf 81' lang='lat' dir='ltr'><strong>iudicat.&#39;&#39;</strong></span> 
     </span>
    </p>
   </div>
   <div class='ocr_carea' id='block_1_6' title="bbox 2080 4622 2253 4685">
    <p class='ocr_par' dir='ltr' id='par_1_17' title="bbox 2080 4622 2253 4685">
     <span class='ocr_line' id='line_1_36' title="bbox 2080 4622 2253 4685; baseline 0 0"><span class='ocrx_word' id='word_1_303' title='bbox 2080 4622 2253 4685; x_wconf 42' lang='grc' dir='ltr'><strong>ὅθ’</strong></span> 
     </span>
    </p>
   </div>
   <div class='ocr_carea' id='block_1_7' title="bbox 3014 878 3024 1662">
    <p class='ocr_par' dir='ltr' id='par_1_18' title="bbox 3014 878 3024 1662">
     <span class='ocr_line' id='line_1_37' title="bbox 3014 878 3024 1662; baseline 0 0"><span class='ocrx_word' id='word_1_304' title='bbox 3014 878 3024 1662; x_wconf 95' lang='lat' dir='ltr'><strong> </strong></span> 
     </span>
    </p>
   </div>
  </div>
 </body>
</html>
