3027 5263
1276 605 1405 666 211

218 793 378 877 pitre
431 796 514 856 23
568 794 741 858 n’ont
788 817 988 860 aucun
1052 793 1405 860 fondement
1454 793 1576 860 reel
1640 801 1700 860 et
1755 795 2078 862 n'existent
2149 818 2266 882 que
2314 795 2464 861 dans

213 921 663 1007 l'imagination
714 922 787 986 de
836 929 1007 988 notre
1056 922 1410 988 saussaire.’'

406 1049 585 1133 Nego
628 1049 729 1132 jus
780 1044 1079 1134 privatum
1128 1050 1487 1114 Latinorum
1527 1050 1588 1114 in
1623 1050 1952 1136 provinciis
1988 1073 2061 1115 ex
2095 1050 2294 1116 edicto
2328 1072 2463 1136 pro-

218 1175 463 1240 vinciali
512 1176 790 1240 derivari.

410 1303 578 1383 Quid
629 1313 830 1367 autem
878 1310 1006 1368 erat
1053 1304 1318 1369 edictum
1369 1303 1525 1368 illud
1570 1305 1857 1389 praesidis
1890 1304 2281 1390 provinciae?
2354 1305 2470 1370 Uti

215 1430 447 1493 Romae
496 1436 797 1516 praetores
847 1429 1061 1495 urbani
1110 1453 1299 1515 quum
1364 1432 1783 1516 magistratum
1831 1431 2097 1508 inibant,
2147 1430 2470 1496 edicebant

216 1580 377 1642 quae
410 1556 779 1621 observaturi
815 1568 1015 1622 essent
1063 1559 1127 1621 in
1155 1559 1287 1642 jure
1323 1558 1578 1623 dicendo
1613 1559 1686 1642 ¹),
1725 1559 1809 1623 ita
1842 1558 2184 1644 provinciae
2220 1581 2462 1644 quoque

219 1685 527 1769 praesides
594 1685 855 1748 edictum
908 1685 1357 1769 proponebant,
1412 1708 1534 1771 quo
1587 1686 1974 1772 designarent
2023 1709 2294 1751 normam
2345 1711 2466 1772 qua

217 1813 393 1876 usuri
429 1820 627 1875 essent
671 1813 737 1875 in
764 1813 1182 1896 jurisdictione
1216 1813 1596 1878 contentiosa
1631 1819 1813 1897 atque
1847 1813 1981 1876 lites
2011 1821 2218 1877 essent
2251 1813 2471 1878 direm-

221 1941 367 2003 tmi.
465 1940 553 2003 Re
628 1963 761 2004 vera
842 1940 1201 2024 Salpensani
1287 1963 1469 2025 supra
1553 1947 1772 2004 certam
1861 1963 2158 2004 summam
2225 1939 2472 2024 jurisdi-

222 2067 413 2130 ctioni
481 2090 551 2130 ex
602 2067 800 2130 edicto
870 2065 979 2129 illo
1045 2066 1302 2130 subsunt
1375 2069 1465 2130 uti
1518 2089 1726 2131 omnes
1775 2067 2207 2153 provinciales3
2277 2089 2480 2151 neque

222 2200 428 2256 tamen
491 2194 592 2278 jus
664 2194 965 2278 privatum
1016 2215 1221 2256 eorum
1273 2194 1497 2278 quippe
1563 2195 1665 2278 qui
1709 2194 1809 2277 jus
1858 2194 2022 2258 Latii
2075 2193 2336 2257 habeant
2384 2193 2474 2255 ni-

227 2323 381 2385 titur
454 2321 563 2383 illo
612 2321 840 2396 edieto;
890 2320 1100 2384 Latini
1152 2343 1287 2384 vero
1330 2321 1433 2404 jus
1487 2321 1783 2404 privatum
1837 2320 1956 2384 sibi
2007 2321 2316 2405 proprium
2368 2319 2466 2382 ha-

224 2449 487 2526 bebant3
566 2469 720 2530 quae
794 2470 929 2510 cum
1001 2448 1083 2510 ita
1158 2448 1315 2523 sint,
1392 2445 1558 2530 quod
1631 2454 1842 2510 auctor
1915 2445 2308 2510 fundamento
2373 2444 2470 2509 illi

226 2576 625 2662 superstruit,
681 2575 880 2660 ipsum
934 2596 1173 2659 quoque
1224 2574 1507 2638 concidit.

419 2706 635 2787 Itaque
686 2704 836 2787 legis
886 2702 1288 2785 Salpensanae
1340 2702 1558 2785 placita
1609 2700 1907 2784 explicare
1957 2722 2292 2784 pergamus·

423 2832 659 2894 Diserte
708 2836 1003 2892 statutum
1076 2838 1163 2891 est
1214 2829 1325 2892 hae
1384 2827 1520 2913 lege
1569 2827 1746 2912 quale
1794 2827 1977 2890 fuerit
2018 2826 2119 2910 jus
2170 2825 2327 2889 illud
2375 2848 2475 2912 pa-

223 2968 510 3025 tronatus
551 2960 685 3043 jure
733 2958 1131 3032 Latinorum3
1185 2955 1408 3018 habent
1458 2935 1920 3039 enim'patroni
1965 2954 2065 3038 jus
2115 2953 2178 3015 in
2228 2952 2474 3016 libertos

225 3093 265 3155 i.
319 3112 370 3153 e.
419 3090 483 3151 in
535 3108 823 3171 personas
889 3084 1279 3160 libertorum3
1351 3083 1574 3145 habent
1624 3103 1863 3165 quoque
1906 3079 2005 3164 jus
2055 3078 2359 3163 quoddam
2409 3080 2475 3141 in

222 3220 425 3294 bona;
476 3216 773 3279 libertatis
844 3236 1022 3277 eausa
1086 3212 1263 3275 etiam
1314 3211 1550 3295 exigere
1610 3216 1890 3295 poterant
1941 3230 2150 3292 operas
2208 3205 2468 3271 nonnul-

226 3348 321 3412 las
372 3368 525 3429 quae
568 3345 700 3429 jure
751 3368 785 3407 a
833 3341 1066 3406 libertis
1117 3339 1512 3403 debebantur.

422 3472 779 3535 Summatim
831 3470 1018 3553 igitur
1068 3468 1232 3529 idem
1283 3466 1405 3529 fere
1456 3472 1584 3528 erat
1627 3465 1727 3549 jus
1762 3468 2118 3548 patronatus
2153 3460 2474 3546 Salpensae

228 3601 399 3687 quod
441 3602 574 3685 jure
624 3600 896 3662 Romano
943 3594 1223 3658 invaluit.

425 3728 742 3806 Quantum
793 3724 954 3788 enim
1004 3723 1079 3785 'ad
1124 3722 1225 3806 jus
1276 3721 1337 3784 in
1391 3741 1710 3803 personam
1762 3704 1981 3781 attinet
2033 3714 2288 3778 libertus
2338 3711 2485 3776 civis

228 3860 546 3922 Romanus
596 3854 805 3917 multis
857 3850 1103 3914 omnino
1154 3848 1368 3913 officiis
1419 3854 1674 3931 patrono
1723 3827 1851 3909 erat
1910 3843 2274 3919 obstrictuS,
2323 3860 2484 3903 reve·

230 3985 616 4066 renti-amque
690 3982 743 4043 ei
792 3987 851 4042 et
901 3977 1254 4061 obsequium
1309 3974 1562 4038 debebat
1581 3999 1600 4050 3
1657 3973 1909 4057 longum
1965 3977 2167 4033 tamen
2210 3974 2303 4032 est
2365 3966 2486 4029 sin-

232 4113 380 4199 gula
430 4110 783 4174 libertorum
832 4128 971 4191 erga
1020 4112 1307 4189 patronos
1358 4101 1554 4165 officia
1605 4120 1957 4163 enumerare
1989 4098 2058 4179 2).

383 4352 425 4408 ¹)
495 4350 611 4397 Vide
649 4358 941 4395 cremonen
978 4344 1151 4407 defin.
1192 4340 1326 4389 222.

380 4438 419 4498 ²)
490 4436 607 4483 Vide
644 4434 733 4496 leg.
775 4432 835 4486 1,
881 4434 905 4477 5
950 4445 1047 4493 pr„
1092 4428 1170 4475 19.
1211 4426 1271 4475 D.
1306 4426 1363 4473 de
1386 4424 1505 4487 jure
1531 4426 1721 4485 patron.
1761 4417 1967 4481 (37.14.)
2004 4420 2052 4466 et
2086 4416 2176 4480 leg.
2219 4416 2272 4472 2,
2317 4415 2342 4462 ὅ
2371 4416 2394 4475 5
2425 4414 2478 4470 1,

234 4523 265 4575 7
307 4525 330 4585 ς
368 4524 423 4578 4,
483 4522 539 4569 D.
579 4520 637 4567 de
690 4519 833 4583 obseq.
882 4531 994 4579 par.
1030 4517 1077 4561 et
1102 4516 1233 4575 patr.
1277 4507 1483 4571 (37.15).
1525 4507 1761 4555 addantur
1796 4505 1887 4567 leg.
1930 4504 1991 4561 1,
2029 4503 2079 4551 4.
2115 4503 2164 4548 et
2201 4501 2228 4547 8
2268 4512 2381 4547 con.
2427 4498 2489 4545 de

2083 4595 2209 4659 14*
