3027 5263
1328 576 1457 638 189

271 775 439 861 quod
485 773 621 861 lege
653 773 1059 863 praediatoria
1093 771 1353 837 venierit
1387 771 1906 858 usureceptionem
1943 772 2302 851 concedere,
2358 777 2522 860 quod

270 903 681 988 adjiciendum
737 903 981 980 fuisset,
1039 903 1091 965 si
1127 922 1263 966 vera
1296 908 1454 965 esset
1502 901 1804 966 sententia
1852 923 2034 987 quam
2083 921 2388 968 uouusnu
2410 877 2519 968 ‘de-

264 1032 486 1097 fendit.

457 1160 902 1226 Praediatorem
956 1153 1160 1223 eadem
1211 1157 1573 1222 condicione
1609 1156 1700 1220 uti
1751 1179 1822 1220 ac
1872 1156 2228 1222 creditorem
2279 1159 2522 1224 fiducia·

267 1289 433 1353 rium
480 1289 617 1353 ideo
669 1289 861 1352 virum
913 1286 988 1351 cl.
1026 1305 1340 1352 Mouusnn
1390 1293 1652 1350 statuere
1697 1296 1879 1371 puto,
1911 1286 2075 1372 quod
2101 1307 2284 1352 GAIUS
2309 1290 2522 1354 eodem

266 1415 395 1480 fere
435 1414 566 1478 loco
596 1413 1119 1499 usureceptionem
1147 1436 1220 1477 ex
1268 1413 1493 1477 fiducia
1543 1420 1726 1496 atque
1773 1434 1844 1476 ex
1876 1413 2262 1498 praediatura
2289 1415 2520 1496 tradat,

268 1543 521 1629 perinde
572 1542 716 1606 acsi
764 1548 963 1606 essent
1012 1541 1298 1604 instituta
1346 1539 1617 1604 eiusdem
1645 1546 1930 1618 naturae,
1981 1541 2146 1626 quod
2183 1550 2382 1607 tamen
2434 1545 2519 1608 ita

271 1693 397 1734 non
450 1692 576 1734 esse
626 1692 765 1733 mox
813 1669 1078 1734 indicare
1128 1668 1411 1733 conabor.

464 1798 560 1862 Ex
615 1797 961 1861 venditione
1009 1797 1070 1861 in
1125 1819 1380 1861 vacuum
1431 1795 1868 1882 praediatorem
1921 1795 2262 1862 dominium
2314 1799 2519 1883 acqui-

266 1948 402 1991 rere
450 1925 771 1989 existimat.

462 2052 565 2117 Illi
614 2059 889 2118 auctores
939 2051 1046 2138 qui
1094 2051 1503 2116 venditionem
1555 2052 1844 2138 praedum
1898 2060 2119 2137 putant
2149 2075 2274 2117 esse
2301 2053 2519 2118 cessio·

269 2203 414 2246 nem
458 2182 611 2266 juris
654 2180 841 2245 debiti
878 2180 1184 2266 exigendi,
1222 2202 1598 2264 consequens
1633 2187 1726 2244 est
1753 2187 1820 2243 ut
1847 2179 2053 2244 dicant
2080 2181 2518 2266 praediatorem

270 2311 374 2396 jus
422 2308 578 2372 illud
626 2309 929 2392 acquirere
946 2335 963 2386 3
1030 2309 1137 2393 qui
1192 2309 1439 2393 insuper
1480 2309 1581 2392 jus
1631 2308 1902 2393 pignoris
1951 2307 2406 2393 subsignatione
2455 2310 2520 2373 in

274 2437 519 2522 praedia
592 2437 995 2500 constitutum
1071 2442 1290 2521 putant
1354 2442 1414 2499 et
1478 2434 1622 2499 inde
1672 2435 2058 2519 praediorum
2109 2435 2517 2502 venditionem

282 2565 615 2630 cessionem
690 2563 853 2628 illius
921 2563 1075 2650 juris
1146 2563 1418 2651 pignoris
1486 2562 1675 2627 fuisse
1743 2563 1950 2641 aiunt,
2016 2585 2264 2628 necesse
2313 2572 2521 2629 estut

276 2692 758 2779 praediatoribus
800 2694 902 2777 jus
952 2692 1104 2756 illud
1156 2692 1423 2778 pignoris
1472 2692 1538 2755 in
1575 2691 1822 2777 praedia
1855 2690 2132 2755 tribuant
2171 2693 2242 2777 ¹)..
2303 2693 2526 2759 Secun-

274 2822 422 2886 dum
490 2844 698 2886 eorum
763 2820 1113 2907 opinionem
1186 2820 1529 2905 praediator
1596 2818 1777 2883 habet
1833 2820 1936 2903 jus
2001 2818 2193 2884 debiti
2241 2821 2525 2906 exigendi

272 2951 436 3036 quod
504 2950 868 3036 reipublicae
933 2972 1215 3035 manceps
1278 2947 1532 3025 debeat,
1611 2947 1947 3011 secundum
2031 2948 2360 3013 nonnullos
2431 2952 2520 3038 pi-

272 3082 483 3167 gnoris
518 3102 761 3165 quoque
812 3080 907 3143 ius
932 3081 996 3144 in
1024 3079 1289 3165 praedia.
1342 3078 1497 3143 Cum
1534 3084 1738 3142 tamen
1775 3078 2044 3142 viderent
2079 3099 2283 3145 GAmu
2318 3082 2527 3165 praedi

271 3218 487 3274 contra
533 3208 969 3294 praediatorem
1024 3208 1545 3293 usureceptionem
1583 3206 1945 3282 concedere,
1994 3226 2380 3273 zJMuERMAN
2415 3232 2526 3295 pu-

268 3346 410 3403 tans
456 3337 612 3401 hanc
660 3360 787 3401 esse
829 3337 1085 3422 speciem
1139 3336 1617 3422 usureceptionis
1667 3358 1742 3400 ex
1788 3335 2040 3413 fiducia,
2093 3336 2361 3421 gaudens
2413 3360 2525 3416 „se

266 3488 384 3553 pro
438 3464 673 3528 duabus
722 3463 902 3528 rebus
950 3463 1229 3528 absurdis
1274 3464 1394 3549 jam
1446 3486 1628 3527 unam
1692 3462 1944 3529 habere'’
1995 3445 2311 3528 contendit
2358 3488 2526 3550 prae-

271 3594 572 3657 diatorem
622 3592 907 3656 fiduciam
962 3590 1055 3656 vel
1102 3591 1297 3657 simile
1340 3590 1442 3677 jus
1490 3592 1761 3655 omnium
1798 3589 2038 3676 praedis
2089 3590 2384 3656 bonorum
2422 3593 2525 3657 ha·

272 3720 478 3786 buisse
512 3718 597 3803 ²);
690 3720 969 3784 similiter
1033 3740 1247 3784 mvnm
1309 3718 1675 3805 praediatori
1745 3718 2080 3783 dominium
2143 3720 2526 3787 fiduciariam

268 3847 496 3912 tribuit
530 3848 597 3933 ³).
699 3848 953 3913 Prorsus
1002 3847 1153 3913 falsa
1202 3849 1353 3913 mihi
1402 3848 1553 3913 haec
1603 3847 1933 3933 disputatio
1983 3845 2237 3911 videtur.

460 3974 894 4040 Venditionem
946 3976 1233 4062 praedum
1284 3975 1531 4062 quidem
1581 3976 1771 4041 fuisse
1814 3975 2028 4040 dicunt
2077 3975 2400 4041 cessionem
2428 3977 2523 4062 ju-

266 4103 357 4170 ris
408 4102 597 4168 debiti
648 4104 965 4190 exigendi3
1019 4104 1413 4191 perspicuum
1462 4112 1586 4183 est,
1636 4104 1884 4189 opinor,
1920 4104 2022 4168 illa
2056 4104 2322 4170 cessione
2355 4127 2522 4191 prae·

415 4343 449 4403 1)
523 4342 640 4392 Vide
677 4356 853 4391 mvma
887 4341 934 4391 in
976 4344 1057 4407 Op,
1097 4344 1229 4396 laud.
1267 4360 1313 4410 p.
1354 4344 1478 4394 123.

414 4429 451 4491 ²)
526 4429 584 4477 In
622 4429 752 4478 Diu.
788 4428 822 4477 l.
860 4444 903 4492 p.
945 4428 1025 4479 51.

409 4515 448 4581 ³)
520 4515 579 4565 In
621 4515 708 4576 Op.
742 4514 777 4564 Ζ.
812 4530 862 4582 p.
902 4514 1016 4566 124.
