3027 5263
1636 613 1719 672 22

547 829 726 872 mano
773 804 1078 882 habitam3
1129 805 1271 868 hine
1321 805 1481 870 enim
1533 787 1807 889 quaestio
1857 805 2049 870 oritur
2096 828 2250 872 num
2298 805 2503 870 omnia
2537 805 2803 872 munici-

545 934 650 1022 pia
698 932 943 996 civitate
1013 932 1145 996 sine
1193 931 1474 1017 suffragio
1526 931 1749 996 donata
1797 931 1947 996 talia
1994 933 2257 1011 fuerint;
2307 934 2412 999 cui
2458 933 2806 1020 quaestioni

545 1059 827 1146 negando
900 1057 1381 1144 respondendum
1460 1063 1630 1122 esset.
1727 1059 1794 1122 Si
1860 1064 2119 1124 statuere
2193 1067 2497 1147 oporteret
2544 1059 2808 1124 munici-

551 1208 656 1272 pes
705 1208 859 1271 quos
907 1205 1146 1250 Paomis
1195 1185 1462 1250 secundo
1509 1184 1642 1248 loco
1693 1185 1778 1248 ita
1827 1184 2151 1252 describit:
2204 1187 2654 1273 „municipium
2716 1192 2809 1252 est

555 1336 696 1380 cum
769 1312 832 1378 id
879 1335 1078 1398 genus
1126 1313 1444 1377 hominum
1495 1313 1782 1377 definitur
1840 1335 2099 1398 quorum
2146 1315 2359 1378 civitas
2408 1315 2693 1380 universa
2741 1315 2811 1380 in

558 1441 866 1506 civitatem
937 1438 1272 1503 Romanam
1347 1439 1550 1515 venit,
1604 1443 1674 1502 ut
1731 1439 2000 1517 Aricini,
2050 1438 2358 1521 Caerites,
2411 1441 2732 1526 Anagnini
2748 1439 2809 1521 ,''

559 1569 738 1632 etiam
790 1567 1092 1630 civitatem
1151 1566 1282 1629 sine
1331 1564 1621 1649 suffragio
1670 1563 1988 1644 babuisse3
2039 1567 2165 1631 imo
2217 1566 2271 1630 si
2319 1573 2621 1632 constaret
2666 1587 2810 1632 sna·

557 1713 780 1759 VILIUM
850 1698 910 1756 et
979 1711 1236 1755 PAULUM
1306 1691 1382 1754 de
1458 1689 1671 1756 eodem
1744 1689 1867 1756 fere
1933 1700 2201 1778 tempore
2264 1695 2611 1779 scripsisse,
2662 1693 2810 1758 inde

555 1823 912 1904 sequeretur
959 1818 1170 1881 eadem
1219 1821 1414 1879 aetate
1463 1816 1775 1880 civitatem
1808 1818 1937 1883 sine
1970 1819 2253 1904 suffragio
2287 1819 2587 1884 diversam
2619 1819 2811 1884 fuisse

551 1969 664 2033 pro
716 1943 893 2009 variis
942 1943 1164 2028 quibus
1209 1941 1641 2006 concederetur
1688 1944 1954 2029 oppidis.
2024 1945 2123 2010 Ad
2174 1945 2429 2010 eandem
2476 1947 2642 2011 enim
2674 1968 2811 2010 mu·

554 2073 922 2158 nicipiorum
969 2069 1381 2134 condicionem
1431 2075 1691 2154 utraque
1740 2070 2015 2135 definitio
2047 2072 2322 2158 adaptari
2354 2074 2607 2160 nequit,
2642 2073 2809 2158 quod

555 2201 761 2266 statim
811 2209 1060 2286 apparet
1111 2199 1162 2263 si
1211 2199 1559 2264 accuratius
1607 2199 2041 2284 investigemus
2088 2201 2240 2286 quid
2280 2223 2515 2266 PAULUS
2558 2203 2671 2267 hac
2704 2203 2808 2267 de·

557 2329 832 2394 finitione
905 2327 1177 2393 voluerit.
1275 2325 1478 2390 Verba
1552 2327 1720 2390 eius:
1788 2327 2049 2407 „civitas
2114 2329 2361 2394 illorum
2426 2331 2809 2414 municipum

559 2457 844 2522 universa
891 2455 954 2518 in
1008 2455 1310 2518 civitatem
1361 2453 1567 2518 venit''
1618 2454 1781 2518 nihil
1830 2455 1998 2520 aliud
2048 2456 2393 2542 significant
2425 2479 2609 2543 quam
2642 2457 2809 2543 quod

563 2583 638 2649 iis
687 2580 1027 2669 respublica
1097 2581 1182 2646 ita
1232 2580 1611 2647 adimebatur
1657 2587 1729 2647 ut
1774 2605 1850 2647 ne
1899 2583 1965 2649 in
2014 2583 2262 2649 alterius
2312 2585 2563 2670 quidem
2619 2585 2809 2652 admi-

563 2710 980 2776 ninistrandae
1029 2709 1376 2774 societatem
1425 2710 1853 2795 reciperentur.
1938 2710 2139 2792 Quam
2190 2734 2387 2777 veram
2434 2734 2569 2777 esse
2616 2713 2805 2799 expli·

563 2839 863 2904 cationem
910 2842 1159 2923 apparet
1207 2858 1282 2901 ex
1326 2835 1406 2900 iis
1455 2858 1611 2922 quae
1671 2836 1746 2901 de
1793 2837 2045 2902 historia
2092 2838 2338 2905 urbium
2386 2862 2536 2925 quas
2568 2861 2804 2906 rannus

560 2971 827 3031 recenset
873 2964 1049 3030 nobis
1097 2964 1537 3043 innotuerunt,
1587 2987 1742 3049 quae
1791 2964 1991 3029 obiter
2040 2966 2336 3050 attingere
2379 2967 2573 3051 juvat.

745 3093 1089 3179 Anagninis
1142 3093 1423 3177 L1v1Us¹)
1473 3092 1685 3157 scribit
1733 3093 1799 3155 in
1845 3114 2103 3177 poenam
2152 3094 2457 3158 civitatem
2505 3096 2636 3159 sine
2683 3094 2803 3160 suf-

559 3219 753 3303 fragio
802 3219 1004 3283 datam
1055 3240 1179 3281 esse
1213 3216 1721 3303 interdictumque
1769 3219 1843 3283 iis
1892 3219 2000 3304 qui
2047 3220 2468 3307 magistratum
2499 3222 2664 3307 apud
2704 3243 2804 3286 eos

557 3352 833 3431 gererent
878 3368 955 3410 ne
1003 3346 1328 3430 quicquam
1375 3346 1609 3430 negotii
1657 3344 1888 3431 publici
1937 3355 2186 3433 agerent
2229 3355 2464 3433 praeter
2498 3370 2801 3415 sacrorum

559 3473 954 3539 curationem.

741 3601 838 3668 De
927 3599 1270 3666 Caeritibus
1341 3600 1607 3666 multum
1682 3602 2060 3688 disputatum
2131 3609 2265 3681 est,
2333 3626 2531 3690 neque
2604 3604 2807 3669 omnia

555 3753 710 3817 quae
759 3729 836 3795 de
885 3729 960 3793 iis
1011 3729 1239 3815 scripta
1289 3735 1434 3794 sunt
1490 3731 1759 3795 conferre
1810 3736 1869 3796 et
1919 3732 2250 3817 dijudicare
2297 3732 2365 3796 in
2422 3734 2624 3797 animo
2674 3739 2765 3799 est
2778 3760 2799 3813 ;

549 3857 810 3936 sufficit,
863 3881 958 3922 me
999 3857 1244 3943 judice,
1295 3857 1771 3923 animadvertere
1819 3881 1919 3923 eos
1952 3881 2143 3943 quum
2176 3866 2355 3924 antea
2382 3859 2805 3925 Romanorum

554 3984 824 4050 amicitia
896 3985 992 4049 usi
1064 3996 1259 4050 essent
1283 3987 1370 4072 ²),
1425 3986 1763 4072 municipes
1812 3986 1940 4052 sine
1992 3988 2277 4073 suffragio
2325 3987 2517 4053 factos
2565 4012 2803 4075 rempu-

556 4111 782 4178 blicam
829 4112 1097 4177 amisisse
1123 4112 1193 4198 ³).

697 4328 732 4391 ¹)
800 4329 908 4379 Lib.
947 4330 996 4381 9.
1031 4330 1152 4394 Cap.
1184 4331 1267 4380 43.
1411 4332 1450 4392 2)
1523 4332 1631 4385 vid.
1666 4346 1883 4394 uvam,
1917 4332 2024 4385 Lib.
2059 4334 2087 4382 5
2129 4334 2244 4399 Cap.
2277 4335 2362 4383 40.
2383 4334 2488 4385 Lib.
2517 4332 2564 4386 7.
2590 4334 2691 4399 Cap
2718 4336 2799 4385 20.

693 4413 732 4475 ³)
804 4414 908 4463 vid.
945 4414 1105 4465 Schol.
1146 4416 1292 4480 Cruq.
1325 4416 1384 4465 ad
1421 4430 1695 4469 nonarum
1730 4420 1819 4484 Ep.
1855 4418 1906 4479 Ι,
1946 4420 1993 4478 6,
2017 4419 2095 4479 63,
2135 4420 2217 4469 ubi
2253 4420 2451 4487 legitur:
2493 4423 2802 4486 posteaquam

556 4499 764 4549 Caerites
800 4503 912 4548 sunt
947 4500 1052 4551 ausi
1091 4500 1318 4552 Romanis
1356 4502 1587 4553 rebellare
1622 4504 1679 4553 iis
1715 4504 1915 4557 devictis
1951 4506 2219 4571 iterumque
2270 4506 2464 4557 civitate
2506 4506 2694 4557 donatis
2725 4508 2804 4571 jus
