3027 5263
1362 587 1489 652 221

300 781 562 847 Romani
611 779 784 846 nullo
831 778 985 865 legis
1030 777 1258 865 placito
1308 801 1463 863 opus
1508 777 1590 842 sit
1637 783 1708 842 ut
1751 777 2036 844 facultate
2091 778 2205 844 sibi
2267 802 2551 846 concessa

302 907 629 974 fruantur?
950 901 961 908 ’

488 1037 839 1100 Dnnxnuao
907 1055 1217 1120 perperam
1289 1033 1375 1098 ita
1424 1033 1760 1119 disputavit
1802 1034 1883 1118 ¹):
1981 1034 2189 1113 „Dasz
2239 1035 2303 1099 in
2350 1034 2543 1122 Folge

298 1164 409 1229 der
479 1161 873 1227 Latinischen
946 1183 1160 1226 manus
1230 1161 1389 1226 auch
1436 1161 1594 1224 nach
1644 1161 1749 1224 der
1797 1161 2169 1248 Aenderung
2226 1162 2330 1227 des
2402 1163 2553 1228 13111·-

303 1291 609 1378 gerrechts
683 1289 787 1355 der
856 1289 1018 1354 Frau
1091 1289 1188 1352 die
1252 1288 1584 1374 Befugnisz
1656 1289 1896 1352 zusteht
1968 1289 2145 1354 einen
2196 1289 2388 1354 Tutor
2437 1313 2548 1355 aus

306 1418 446 1482 dem
511 1417 857 1481 Testament
930 1417 1089 1480 ihres
1164 1416 1420 1480 Mannes
1495 1437 1570 1479 zu
1643 1415 1916 1500 optiren,
1989 1415 2124 1479 dasz
2176 1437 2293 1480 war
2339 1416 2552 1480 beson-

306 1546 443 1610 ders
508 1566 584 1608 zu
650 1541 1071 1608 bestimmen.”
1176 1545 1407 1607 Auctor
1477 1541 1542 1605 ni
1614 1540 1834 1617 fallor,
1911 1541 2230 1627 periodum
2298 1541 2372 1606 de
2431 1565 2553 1627 qua

306 1673 522 1756 loquor
571 1670 965 1735 necessariam
1013 1670 1191 1734 duxit
1223 1671 1271 1753 2)
1322 1677 1568 1755 propter
1600 1668 1820 1754 capitis
1854 1667 2330 1732 deminutionem
2365 1691 2546 1754 quam

308 1798 479 1862 subit
540 1797 836 1874 1101111110,
887 1797 994 1883 qui
1044 1797 1131 1860 ita
1203 1802 1363 1860 statu
1416 1802 1686 1860 mutatur
1751 1802 1819 1858 ut
1884 1795 2029 1858 civis
2092 1796 2242 1873 fiat,
2311 1818 2551 1880 quaque

302 1926 441 2010 jure
489 1925 763 1989 Romano
810 1931 1240 1988 testamentum
1290 1946 1412 2008 quo
1458 1923 1660 2008 legata
1709 1929 1797 1986 est
1845 1923 2062 1986 tutoris
2111 1923 2278 2007 optio
2313 1922 2549 1988 irritum

307 2054 479 2117 fieret
512 2053 580 2135 3).
694 2052 876 2116 Error
939 2051 1199 2115 auctoris
1263 2050 1407 2114 inde
1471 2050 1661 2113 oritur
1725 2049 1891 2133 quod
1954 2050 2176 2112 tutoris
2243 2051 2552 2134 optionem

309 2180 588 2245 effectum
678 2180 932 2244 Latinae
1021 2201 1233 2242 manus
1318 2199 1449 2241 esse
1531 2177 1767 2262 putavit
1784 2203 1801 2254 3
1879 2197 2020 2240 nam
2111 2177 2348 2241 etiamsi
2416 2179 2551 2262 jure

310 2307 537 2372 Latino
602 2307 838 2370 irritum
914 2308 1080 2370 fieret
1152 2311 1584 2370 testamentum
1643 2303 1864 2388 capitis
1914 2303 2358 2382 deminutione,
2420 2328 2554 2390 pro-

308 2443 445 2520 pter
493 2434 648 2498 hanc
681 2457 799 2498 non
838 2433 1181 2497 amitterent
1215 2433 1431 2496 tutoris
1466 2431 1804 2517 optionem,
1841 2430 2065 2516 quippe
2092 2454 2209 2516 qua
2238 2439 2510 2497 carerent
2528 2458 2547 2509 3

310 2567 673 2624 testamento
722 2560 881 2624 enim
932 2559 1179 2624 concedi
1240 2581 1362 2623 non
1413 2564 1647 2645 poterat
1693 2558 1914 2623 tutoris
1961 2559 2164 2643 opti0,
2219 2558 2382 2644 quod
2430 2581 2548 2623 11011

313 2696 441 2755 erat
489 2690 733 2754 effectus
781 2711 995 2754 manus
1044 2690 1316 2753 Latinae.

502 2815 837 2901 Equidem,
892 2822 1135 2881 auctore
1182 2835 1483 2879 11011ΜοοΝ
1523 2814 1603 2899 ⁴),
1637 2814 1929 2894 arbitror,
1981 2814 2380 2879 necessariam
2415 2837 2562 2879 sane

313 2968 437 3009 nou
504 2944 683 3009 fuisse
746 2944 912 3010 illam
971 2943 1300 3009 clausulam
1335 2965 1452 3028 qua
1502 2942 1731 3007 civibus
1779 2941 2067 3006 Romanis
2115 2943 2332 3007 tutoris
2381 2944 2558 3028 optio

314 3073 746 3138 concederetur
781 3073 828 3156 ⁵)
894 3095 1049 3158 quae
1107 3071 1492 3156 caeteroquin
1553 3071 1630 3133 iis
1695 3092 1881 3155 aeque
1954 3070 2400 3155 competiisset,
2454 3071 2559 3135 sed

312 3200 491 3265 facile
542 3199 801 3285 intelligi
854 3222 1053 3285 posse,
1108 3223 1246 3264 cum
1296 3200 1359 3264 in
1408 3199 1542 3284 lege
1591 3222 1660 3263 ea
1693 3199 2172 3284 exprimerentur
2198 3219 2354 3282 quae
2396 3196 2564 3262 Lati-

310 3328 413 3392 nis
496 3326 725 3391 civibus
804 3327 977 3391 factis
1046 3327 1213 3391 salva
1287 3333 1601 3392 manerent
1665 3326 1832 3410 jura,
1906 3325 1972 3389 in
2035 3324 2242 3388 eadem
2293 3324 2427 3409 lege
2495 3348 2563 3389 ea

315 3476 562 3542 quoque
610 3456 830 3540 exponi
880 3476 1034 3539 quae
1084 3455 1256 3518 novis
1304 3454 1538 3518 civibus
1585 3474 1742 3517 nova
1785 3452 2211 3516 tribuerentur.

506 3582 599 3647 De
672 3582 947 3667 personis
1012 3604 1165 3666 quae
1232 3582 1296 3645 in
1347 3587 1643 3666 potestate
1692 3578 1785 3643 vel
1833 3579 1898 3642 in
1949 3601 2135 3643 manu
2186 3584 2330 3643 sunt
2379 3580 2563 3659 satis,

465 4012 498 4070 ¹)
571 4012 629 4060 In
669 4013 909 4062 Comment.
947 4014 1082 4063 laud.
1119 4029 1167 4077 p.
1206 4010 1303 4073 87,
1343 4014 1424 4063 88.

459 4097 498 4160 ²)
569 4095 797 4160 Quamvis
844 4099 1043 4147 totidem
1090 4099 1251 4147 verbis
1288 4115 1383 4147 nou
1421 4098 1576 4160 dicat3
1615 4098 1674 4149 cf.
1714 4110 2016 4146 1100010111
2051 4097 2099 4146 in
2139 4096 2232 4161 Op.
2269 4100 2336 4146 les
2376 4097 2566 4160 Tables,

320 4200 368 4247 p.
412 4183 474 4231 18
514 4186 611 4229 not.
651 4183 696 4230 8.

458 4264 497 4325 ³)
570 4265 685 4313 vide
722 4279 911 4325 onum,
948 4268 1051 4316 Lib.
1091 4269 1136 4317 2.
1174 4269 1196 4328 §
1235 4269 1328 4316 145
1367 4268 1487 4318 [nst.
1523 4268 1645 4317 Just.
1681 4267 1788 4316 Lib.
1827 4268 1872 4318 2.
1908 4268 2007 4316 Tit.
2047 4264 2126 4316 17.
2163 4268 2184 4327 §
2221 4269 2252 4315 4
2289 4271 2336 4315 et
2373 4268 2419 4317 5.

458 4349 497 4409 ⁴)
570 4349 721 4414 Quem
758 4351 864 4400 vide
915 4352 964 4401 in
1018 4352 1198 4418 Operea
1254 4354 1574 4412 Stadtrechte,
1629 4369 1676 4418 p.
1711 4353 1845 4410 459,
1884 4352 1944 4401 cf.
1982 4366 2166 4416 quoque
2207 4363 2476 4411 maenam,
2517 4352 2565 4401 in

318 4438 569 4487 Comment.
606 4436 734 4484 laud.
772 4452 822 4500 p.
861 4436 976 4485 691.

458 4518 497 4583 ³)
568 4519 765 4568 Temere
800 4533 923 4571 1111111
960 4522 1008 4571 111
1052 4522 1135 4585 Op.
1172 4522 1204 4571 l.
1240 4538 1290 4586 p.
1328 4519 1455 4581 537,
1496 4521 1612 4571 538.
1650 4524 1750 4573 not.
1791 4522 1838 4575 1.
