3027 5263
1544 575 1678 634 222

484 771 555 830 ut
626 765 863 830 videtur
936 766 1226 842 disserui3
1296 771 1566 850 superest
1641 770 1712 828 ut
1762 787 1954 850 pauca
2005 763 2282 850 adjiciam
2335 765 2410 830 de
2457 766 2532 829 iis
2577 789 2740 850 quae

487 901 633 958 sunt
682 893 745 956 in
798 892 1123 978 mancipio,

674 1044 723 1084 e.
824 1021 917 1084 De
994 1020 1074 1083 iis
1145 1040 1292 1103 quae
1362 1020 1425 1082 in
1492 1019 1784 1099 mancipio
1852 1031 2006 1082 sunt.
2119 1017 2248 1098 Qui
2329 1025 2535 1082 autem
2617 1019 2738 1084 hac

483 1147 835 1213 condicione
885 1153 1141 1211 utuntur
1182 1147 1315 1231 jure
1364 1146 1678 1210 Romano?
1777 1147 2148 1230 Quicunque
2198 1145 2272 1209 ab
2323 1169 2394 1211 eo
2441 1147 2618 1210 cuius
2665 1147 2735 1210 in

482 1281 784 1363 potestate
850 1274 942 1338 vel
1009 1275 1075 1339 in
1138 1297 1319 1338 manu
1389 1280 1533 1338 sunt
1581 1275 1648 1336 in
1699 1297 1826 1338 eam
1880 1273 2294 1338 condicionem
2344 1275 2730 1359 rediguntur.

484 1405 779 1468 Personae
827 1402 1049 1468 liberae
1098 1402 1285 1488 igitur
1332 1403 1396 1466 in
1450 1403 1740 1488 mancipii
1792 1425 1970 1465 causa
2019 1409 2160 1466 sunt
2208 1424 2464 1486 eamque
2521 1405 2736 1466 nanci-

482 1539 738 1596 scuntur
810 1530 1255 1614 mancipatione
1298 1530 1359 1613 ¹).
1458 1529 1631 1593 Licet
1695 1537 1898 1593 tamen
1966 1528 2191 1594 liberae
2255 1529 2518 1607 fuerint,
2587 1552 2736 1594 con·-

482 1659 641 1724 dicio
713 1680 917 1723 eorum
983 1659 1090 1741 qui
1156 1656 1220 1720 in
1284 1658 1588 1742 mancipio
1655 1663 1822 1722 erant
1888 1658 1964 1721 ad
2025 1656 2303 1720 servilem
2359 1657 2727 1736 accedebat,

482 1787 867 1872 quamobrem
916 1807 1223 1848 servorum
1268 1782 1403 1847 loco
1452 1783 1692 1869 saepius
1754 1805 1880 1848 esse
1938 1784 2261 1862 dicuntur,
2324 1784 2412 1846 ita
2471 1792 2544 1846 ut
2605 1807 2731 1847 ma·

480 1913 731 1977 numitti
780 1933 1021 1995 quoque
1072 1918 1316 1996 possent
1365 1933 1556 1995 aeque
1589 1933 1658 1974 ac
1693 1910 1846 1974 servi
1881 1910 1959 1992 ²);
1999 1911 2328 1974 tenendum
2365 1919 2562 1973 tamen
2603 1919 2728 1988 est,

480 2040 541 2103 in
609 2036 921 2102 nonnullis
980 2059 1187 2100 eorum
1235 2043 1457 2098 statum
1511 2036 1746 2100 differre
1797 2059 1828 2097 a
1871 2036 2036 2119 justa
2085 2036 2372 2099 servitute
2411 2035 2480 2118 3).
2583 2036 2732 2100 Iure

479 2167 757 2230 Romano
808 2165 1059 2247 antiquo
1108 2163 1485 2247 frequentius
1541 2163 1869 2226 utebantur
1917 2170 2118 2247 patres
2161 2163 2297 2246 jure
2349 2162 2454 2225 illo
2507 2164 2738 2226 manci-

479 2295 699 2380 pandi,
754 2298 947 2356 aetate
998 2312 1131 2355 Gau
1182 2313 1317 2354 vero
1370 2291 1730 2376 plerumque
1779 2290 1932 2354 dicis
1992 2312 2170 2354 causa
2219 2291 2281 2352 in
2337 2312 2512 2353 causa
2561 2313 2734 2354 man-

480 2423 627 2507 cipii
678 2419 1075 2484 versabantur
1110 2418 1183 2501 4).

664 2547 873 2613 Latini
944 2547 1293 2633 Salpensani
1364 2568 1603 2630 quoque
1677 2547 1740 2608 in
1815 2545 1920 2608 illa
1993 2567 2170 2608 causa
2237 2545 2528 2630 mancipii
2598 2567 2730 2609 esse

476 2684 792 2763 poterant,
843 2698 1039 2759 neque
1088 2676 1203 2737 hoc
1236 2675 1451 2737 mirum
1488 2680 1606 2769 est,
1661 2696 1793 2738 cuin
1831 2673 2279 2757 mancipatione
2315 2675 2729 2737 constituatur

482 2804 588 2868 illa
637 2802 949 2877 condicio,
998 2801 1223 2885 illaque
1279 2800 1484 2865 Latini
1535 2801 1627 2864 uti
1677 2808 1962 2885 possent3
2033 2800 2175 2864 inde
2226 2821 2460 2876 GMUM,
2529 2801 2730 2864 dicen-

477 2939 598 2997 tem
682 2928 1187 3013 mancipationem
1254 2950 1381 2990 esse
1439 2928 1539 3011 jus
1601 2927 1820 2991 civium
1887 2927 2297 2991 Romanorum
2373 2928 2723 3012 proprium,

478 3059 719 3125 Latinis
762 3058 861 3142 jus
912 3056 1300 3140 mancipandi
1350 3054 1641 3139 denegare
1695 3054 1952 3117 voluisse
1999 3077 2119 3117 non
2176 3062 2324 3139 puto
2351 3053 2424 3135 5).

672 3186 888 3268 Itaque
952 3184 1101 3247 haec
1172 3184 1476 3246 sufficiant
1537 3182 1611 3245 de
1676 3182 1750 3245 iis
1815 3182 2085 3266 personis
2144 3204 2296 3265 quae
2348 3181 2528 3244 alieni
2571 3181 2729 3265 juris

477 3322 619 3379 sunt
637 3340 653 3392 ;
735 3334 924 3397 pauca
989 3311 1168 3377 etiam
1244 3310 1317 3373 dc
1367 3310 1443 3372 iis
1492 3308 1747 3372 dicenda
1796 3317 1936 3371 sunt
1985 3330 2138 3391 quae
2192 3314 2338 3371 sunt
2387 3309 2484 3370 sui
2528 3308 2720 3391 juris,

480 3466 618 3508 cum
692 3440 766 3504 ad
842 3462 1045 3505 eorum
1121 3461 1359 3523 quoque
1432 3460 1676 3503 causam
1753 3436 2048 3501 nonnulla
2112 3436 2265 3521 legis
2325 3435 2728 3520 Salpensanae

479 3575 793 3657 praecepta
842 3566 1200 3653 pertineant.

667 3697 870 3761 Etiam
959 3695 1065 3779 qui
1150 3694 1244 3757 sui
1327 3694 1481 3779 juris
1558 3700 1703 3756 sunt
1786 3692 1920 3776 jure
1996 3692 2272 3755 Romano
2349 3690 2539 3753 variis
2607 3713 2727 3755 mo-

482 3827 579 3891 dis
675 3824 1183 3909 distinguuntur3
1281 3844 1421 3885 nam
1521 3843 1593 3884 ex
1689 3820 1764 3883 iis
1864 3819 2160 3904 quaedam
2257 3840 2544 3903 personae
2637 3817 2731 3880 vel

627 4150 662 4210 1)
734 4145 854 4195 Vide
892 4157 1082 4198 emon,
1121 4144 1238 4191 Inst.
1278 4140 1383 4193 Lib.
1423 4142 1465 4189 l.
1503 4142 1525 4199 §
1568 4138 1677 4197 117,
1721 4138 1832 4188 118.

620 4230 658 4291 2)
736 4231 850 4279 Vide
886 4242 1073 4285 carun,
1115 4230 1235 4275 Inst.
1273 4226 1376 4274 Lib.
1418 4227 1442 4273 1
1481 4227 1503 4283 §
1546 4224 1655 4273 123.
1698 4224 1808 4273 138.
1847 4223 1952 4271 Lib.
1991 4223 2037 4271 3.
2074 4224 2095 4281 §
2134 4222 2251 4269 114.

624 4318 662 4379 ³)
738 4315 851 4363 Vide
888 4296 941 4363 v.¹
967 4330 1015 4376 g.
1052 4324 1241 4367 aaron,
1283 4309 1386 4358 Lib.
1428 4310 1473 4357 1.
1508 4310 1532 4369 ᾗ
1572 4310 1684 4357 139.

618 4403 659 4463 4)
732 4402 849 4450 Vide
885 4412 1074 4454 aaron,
1112 4397 1231 4443 Inst.
1268 4395 1370 4444 Lib.
1410 4396 1434 4443 1
1476 4397 1499 4455 §
1540 4395 1658 4448 141,
1696 4394 1754 4441 cf.
1793 4394 1815 4452 §
1856 4393 1950 4440 132
1989 4395 2035 4439 et
2075 4392 2185 4440 134.

623 4486 661 4556 ὅ)
738 4487 850 4535 Vide
888 4497 1074 4539 eamn,
1110 4484 1227 4531 lust.
1264 4479 1367 4530 Lib.
1415 4481 1428 4528 Ι
1473 4484 1494 4542 §
1536 4479 1656 4536 1193
1697 4479 1754 4527 cf.
1793 4490 2001 4525 uariam
2039 4476 2154 4540 Rey.
2188 4474 2280 4523 Tit.
2324 4474 2384 4522 19
2424 4475 2444 4533 §
2481 4474 2531 4521 4,
