3027 5263
1362 596 1565 657 107..

279 789 410 874 'piis
443 787 704 864 Flaviis3
738 786 838 850 lex
870 784 1246 850 Malacitana
1277 786 1408 849 fuse
1437 786 1641 849 omnia
1666 786 1865 851 officia
1896 786 2233 853 IIvirorum
2260 790 2511 873 exponit
2520 815 2540 868 3

285 916 416 999 jam
463 936 601 978 vero
651 937 726 977 ex
773 914 1112 998 praeceptis
1163 935 1317 997 quae
1366 912 1488 976 illis
1556 913 1777 977 dantur
1826 913 1901 978 de
1952 916 2183 979 ratione
2238 916 2546 1001 magistra-

290 1006 394 1105 tus
443 1040 707 1125 eligendi
757 1040 824 1102 in
875 1040 1138 1103 comitiis
1185 1062 1434 1124 prorsus
1483 1041 1765 1103 certiores
1812 1040 1957 1104 facti
2007 1063 2240 1103 sumus.

479 1168 624 1231 Non
711 1174 952 1230 tantum
1025 1167 1176 1251 ipsis
1250 1167 1517 1230 comitiis
1588 1167 1881 1231 habendis
1959 1190 2229 1253 praeesse
2295 1167 2543 1252 jubetur

283 1295 482 1373 IIvir;
557 1316 701 1357 cura
773 1315 1016 1377 quoque
1089 1294 1146 1357 ei
1217 1294 1561 1379 injungitur
1635 1302 1706 1358 ut
1780 1296 1985 1359 haberi
2059 1295 2327 1378 possint,
2407 1295 2541 1358 aliis

287 1420 516 1500 νει-δῖε,
572 1426 644 1485 ut
689 1426 784 1483 tot
830 1420 1033 1485 adsint
1081 1420 1392 1484 candidati
1441 1422 1645 1487 idonei
1693 1429 1844 1506 quot
1892 1422 2279 1507 magistratus
2344 1422 2537 1486 creari

285 1552 584 1632 oporteat.

475 1672 681 1756 Vulgo
729 1694 872 1736 sane
919 1671 1036 1737 hac
1083 1694 1230 1737 cura
1279 1674 1661 1757 supersederi
1709 1674 1951 1757 potuit,
1998 1696 2141 1737 nam
2191 1696 2382 1757 quum
2428 1696 2541 1738 nu-

281 1821 483 1863 merus
515 1799 978 1883 magistratuum
1027 1800 1424 1864 creandorum
1461 1800 1833 1883 aequabatur
1867 1801 1962 1864 vel
2002 1800 2399 1887 superabatur
2428 1822 2538 1865 nu·

281 1950 448 1991 mero
498 1928 994 2007 candidatorum,
1047 1950 1170 1991 non
1221 1949 1374 2011 opus
1423 1937 1549 1991 erat
1596 1928 1780 1991 IIviri
1832 1928 2187 1993 ministerio·

470 2054 767 2117 Professio
844 2061 939 2117 est
1008 2054 1223 2139 petitio
1295 2055 1575 2132 honoris;
1628 2055 1877 2119 modum
1940 2078 2061 2140 quo
2112 2056 2535 2140 profiterentur

277 2178 558 2243 Malacae
606 2180 912 2242 candidati
984 2180 1298 2264 probabile
1347 2190 1436 2245 est
1492 2182 1559 2244 in
1634 2182 1765 2267 lege
1816 2184 2249 2266 praescriptum
2302 2182 2528 2257 fuisse3

277 2306 341 2369 id
395 2306 554 2370 enim
605 2306 874 2369 indicare
925 2306 1211 2369 videntur
1259 2307 1436 2371 verba
1483 2308 1681 2393 prima
1728 2308 1965 2393 Capitis
2018 2312 2097 2372 51
2148 2308 2293 2392 legis
2344 2306 2533 2371 Mala-

279 2433 517 2497 citanae
552 2434 628 2515 ¹),
681 2456 838 2516 quae
889 2434 964 2498 ad
1015 2443 1441 2519 argumentum
1489 2436 1787 2520 respicere
1836 2443 2021 2520 put0,
2073 2437 2149 2501 de
2182 2458 2301 2519 quo
2350 2456 2531 2519 supra

275 2562 340 2625 in
391 2560 526 2645 lege
577 2568 818 2624 cautum
855 2568 1042 2638 esset3
1095 2561 1318 2646 placita
1363 2569 1566 2625 tamen
1612 2562 1719 2625 illa
1769 2570 2024 2627 aetatem
2059 2586 2182 2627 non
2236 2562 2527 2627 tulerunt.

273 2687 414 2752 Hoc
473 2711 610 2751 vero
661 2711 735 2752 ex
783 2688 998 2773 Capite
1051 2692 1132 2752 51
1189 2691 1506 2766 docemur,
1557 2698 1797 2775 tempus
1848 2691 2249 2754 constitutum
2299 2691 2524 2768 fuisse,

271 2814 436 2878 intra
485 2815 646 2898 quod
701 2815 992 2898 professio
1042 2821 1203 2879 esset
1272 2816 1550 2882 facienda
1598 2824 1659 2880 et
1708 2841 1743 2881 a
1790 2819 2165 2903 professione
2215 2817 2525 2882 candidati

273 2941 562 3006 desistere
611 2949 876 3027 possent.

458 3069 802 3152 Utrumque
838 3069 1064 3132 Romae
1097 3069 1424 3132 invaluisse
1457 3075 1687 3140 certum
1740 3078 1829 3136 est
1848 3097 1865 3147 ς
1902 3077 2147 3154 tempus
2172 3070 2516 3156 legitimum

261 3197 553 3282 petitioni
586 3197 986 3260 constitutum
1038 3197 1160 3260 fuit
1193 3198 1623 3264 trinundinum
1656 3200 1705 3283 2)
1725 3225 1745 3276 3
1782 3199 1945 3262 idem
1981 3201 2277 3262 terminus
2327 3197 2520 3262 Mala-

263 3347 376 3388 cae
425 3345 664 3408 quoque
706 3324 957 3387 fortasse
992 3326 1384 3409 praestitutus
1435 3334 1599 3405 erat3
1638 3327 1985 3412 petentibus
2018 3325 2249 3390 Romae
2274 3347 2518 3410 quoque

259 3449 511 3514 licuisse
577 3457 645 3513 ut
711 3472 747 3514 a
810 3450 1178 3535 professione
1252 3453 1619 3518 desisterent
1682 3477 1757 3518 ex
1830 3461 2098 3518 veterum
2150 3453 2517 3518 testimoniis

260 3583 508 3640 constat
543 3577 610 3660 3).

451 3702 600 3786 Ipsa
648 3701 934 3786 professio
1001 3726 1154 3787 quae
1203 3705 1386 3768 fuerit
1433 3705 1555 3782 ibi,
1615 3712 1760 3770 nota
1810 3713 1933 3771 est:
1985 3706 2257 3770 solebant
2304 3712 2511 3791 peten-

248 3837 353 3894 tes
405 3835 545 3913 toga
595 3829 850 3892 candida
902 3831 1104 3895 vestiti
1153 3831 1216 3896 in
1265 3833 1398 3898 foro
1448 3834 1803 3911 circumire,
1856 3834 2117 3898 ducibus
2167 3833 2511 3898 nomencla-

403 4139 440 4199 Ι)
507 4139 630 4188 Sunt
665 4141 820 4191 enim:
862 4142 943 4200 „Si
979 4145 1038 4191 ad
1077 4160 1215 4208 quem
1253 4146 1376 4194 diem
1411 4148 1645 4212 professio
1682 4149 1784 4197 fieri
1821 4148 2063 4213 oportebit
2099 4149 2277 4198 nullius
2313 4147 2509 4197 nomine

243 4226 338 4275 aut
373 4224 653 4288 pauciorum
691 4241 832 4288 quam
869 4232 942 4275 tot
979 4235 1097 4290 quot
1131 4231 1281 4278 creari
1319 4233 1563 4294 oportebit
1599 4234 1831 4296 professio
1866 4234 1993 4282 facta
2028 4235 2169 4286 erit.”

391 4308 435 4368 2)
514 4309 627 4356 vide
665 4326 707 4358 v.
745 4328 792 4373 g.
829 4325 1063 4361 mennon.
1097 4315 1164 4362 aa
1179 4315 1446 4376 familiar„
1492 4318 1580 4373 16,
1622 4319 1701 4368 12.
2230 4305 2233 4310 ’

394 4391 434 4455 3)
505 4394 580 4444 cf.
609 4409 870 4444 ascomuu
905 4397 964 4445 ad
990 4398 1148 4448 locum
1184 4413 1376 4450 croam:
1414 4402 1463 4449 in
1487 4406 1598 4467 toya
1624 4405 1759 4454 caud.
1784 4421 1833 4469 p.
1860 4405 1949 4464 89,
1976 4405 2027 4454 in
2051 4405 2233 4464 verbis,
2262 4401 2504 4464 „Catilina

243 4477 360 4542 quia
403 4481 724 4541 quaerebatur
759 4484 1132 4546 repetundarum
1169 4485 1350 4536 destitit
1385 4504 1412 4536 a
1449 4488 1727 4551 petitione.”
