3027 5263
1345 607 1428 668 23

453 795 623 878 Quid
695 801 898 861 autem
970 815 1288 861 snavrmus
1364 796 1557 862 verbis
1630 797 1888 862 laudatis
1954 800 2223 866 indicare
2272 802 2513 866 voluit?

267 922 703 988 Condicionem
763 923 1237 1009 municipiorum
1284 923 1668 1009 quorundam
1717 925 2098 1010 oppositam,
2150 928 2399 1013 opinor,
2452 929 2510 994 ei

259 1073 448 1138 quam
515 1071 750 1117 munus
821 1052 1087 1130 notavit,
1165 1051 1503 1137 municipia
1551 1053 1715 1116 enim
1764 1075 1799 1116 a
1847 1073 2129 1118 snavruo
2178 1063 2507 1120 memorata

261 1178 694 1264 rempublicam
765 1201 938 1242 suam
1011 1177 1330 1242 servabant
1395 1201 1534 1242 cum
1593 1179 1938 1264 Anagninis
1986 1187 2049 1244 et
2097 1179 2231 1244 aliis
2281 1181 2507 1248 adime·

260 1313 447 1372 retur.
548 1306 839 1372 Cumanis
887 1306 1088 1370 statim
1139 1312 1279 1390 posi:
1326 1305 1553 1370 bellum
1602 1303 1893 1371 Latinum
1942 1306 2250 1372 civitatem
2299 1307 2505 1372 datam

255 1457 386 1500 esse
435 1439 707 1543 constat,
744 1433 993 1498 eandem
1041 1432 1224 1518 paulo
1274 1439 1408 1517 post
1455 1433 1779 1497 Acerranis
1830 1455 2173 1498 concessam
2222 1456 2346 1498 esse
2380 1433 2503 1518 jam

259 1563 508 1641 monui3
569 1559 888 1624 Atellanos
959 1581 1202 1643 quoque
1275 1581 1416 1622 mox
1488 1581 1623 1623 eam
1694 1560 1944 1644 adeptos
2019 1581 2144 1624 esse
2208 1561 2507 1645 conjicere

259 1688 426 1753 licet.

451 1815 516 1879 Si
564 1821 767 1879 autem
816 1813 889 1878 de
937 1819 1208 1898 tempore
1255 1813 1640 1898 quaerimus,
1692 1834 1815 1896 quo
1865 1813 2081 1877 civitas
2116 1813 2505 1899 Anagninis,

258 1965 520 2029 qnorum
569 1943 733 2028 apud
781 1962 1037 2008 PAULUM
1087 1943 1314 2006 mentio
1363 1942 1659 2019 occurrit,
1713 1941 1854 2006 data
1902 1943 1981 2005 sit
2014 1942 2092 2027 ¹),
2143 1941 2362 2006 collata
2410 1965 2509 2007 ae-

255 2077 382 2135 tate
447 2070 706 2135 civitatis
755 2076 1033 2155 acceptae
1083 2069 1156 2134 ab
1207 2071 1281 2132 iis
1329 2069 1583 2134 urbibus
1631 2090 1780 2154 quas
1830 2089 2152 2133 snavrmus
2200 2075 2502 2146 recenset,

253 2199 442 2264 statui
475 2202 713 2282 oportet
736 2198 947 2282 paucis
979 2197 1152 2261 annis
1189 2203 1322 2281 post
1348 2195 1579 2259 bellum
1608 2195 1901 2260 Latinum
1938 2195 2273 2280 municipia
2291 2196 2505 2275 fuisse,

253 2349 417 2413 quae
464 2327 744 2410 quamvis
801 2325 1044 2390 civitate
1103 2325 1231 2388 sine
1283 2325 1570 2410 suffragio
1620 2325 1825 2388 omnia
1873 2322 2245 2410 gauderent,
2298 2330 2500 2390 tamen

239 2455 388 2541 jure
436 2475 680 2539 prorsus
729 2453 962 2527 diversa
1017 2451 1400 2528 exstiterint3
1450 2451 1764 2516 nonnullis
1812 2449 2152 2537 respublica
2186 2451 2348 2515 salva
2381 2474 2505 2516 ma·

249 2581 476 2661 nebat3
526 2580 662 2646 aliis
710 2581 922 2645 civitas
971 2579 1152 2665 plane
1201 2578 1595 2644 adimebatur.
1672 2578 1859 2664 Origo
1900 2579 2057 2669 juris
2106 2578 2274 2645 illius
2323 2577 2506 2666 plane

255 2710 484 2775 diversi
555 2709 834 2794 quamvis
881 2730 1006 2773 uno
1053 2707 1302 2771 nomine
1373 2706 1663 2792 appellati
1735 2708 1802 2771 in
1852 2708 2055 2772 oculos
2105 2708 2397 2785 incurrit3
2455 2708 2507 2772 si

245 2837 423 2902 enim
509 2858 738 2921 poenae
808 2858 989 2901 causa
1059 2834 1474 2921 municipibus
1550 2834 1763 2899 civitas
1838 2834 1970 2899 sine
2044 2834 2332 2921 suffragio
2407 2836 2508 2901 da·

254 2974 325 3031 ta
380 2965 492 3045 sila,
535 2964 584 3051 ²)
672 2963 899 3029 mirum
983 2985 1110 3027 non
1181 2967 1274 3026 est
1346 2984 1450 3025 eos
1526 2962 1591 3025 in
1639 2961 2031 3026 miserrimam
2080 2962 2505 3029 condicionem

252 3292 592 3358 suffragiorum
638 3292 882 3341 ademtam
927 3294 1000 3339 est
1032 3304 1298 3354 vcensusque
1331 3304 1500 3339 eorum
1535 3288 1586 3338 in
1620 3287 1809 3337 tabulas
1846 3287 1984 3338 relati
2019 3304 2047 3337 a
2083 3291 2351 3339 ceterorum
2385 3306 2499 3340 cen-

252 3376 392 3427 sibus
443 3376 612 3424 remoti
665 3378 794 3425 sunt.
845 3373 1072 3423 Pluribus
1111 3374 1169 3423 de
1204 3373 1291 3423 hac
1328 3389 1469 3423 causa
1505 3373 1755 3437 disputant
1790 3386 2046 3423 monasteri
2078 3376 2212 3424 Rom.
2254 3374 2420 3425 Tribus
2455 3392 2505 3440 p.

257 3462 387 3521 160,
429 3462 544 3511 161.
614 3461 820 3509 Runmo
856 3459 904 3507 in
946 3461 1115 3509 Comm.
1149 3460 1184 3509 l.
1219 3475 1265 3523 p.
1305 3460 1401 3508 883
1439 3461 1547 3516 not,
1586 3470 1746 3507 PETER
1769 3458 1866 3507 ibid
1891 3474 1940 3523 p.
1967 3460 2083 3508 205.
2106 3485 2176 3496 —-
2202 3461 2274 3509 De
2297 3460 2505 3509 Aricinis

253 3564 456 3615 prorsus
492 3546 611 3595 nihil
647 3545 764 3594 mihi
800 3551 967 3593 notum
1004 3548 1108 3601 est,
1147 3560 1233 3593 cur
1270 3561 1350 3593 eos
1387 3547 1587 3593 auctore
1624 3556 1789 3591 PAULO
1826 3543 1874 3591 in
1912 3544 2000 3593 hac
2035 3544 2303 3594 miserrima
2339 3545 2507 3593 condi-

254 3634 392 3683 tione
444 3631 704 3681 collocatos
756 3630 900 3680 fuisse
959 3630 1226 3680 credamus.
1303 3644 1338 3677 A
1374 3643 1521 3679 mvro
1558 3630 1683 3691 (Lib.
1725 3632 1753 3677 8
1792 3629 1907 3693 Cap.
1959 3630 2041 3689 14)
2102 3645 2210 3678 cum
2244 3629 2503 3678 Lanuvinis

256 3722 308 3769 ei:
355 3718 460 3766 aliis
507 3732 588 3765 eos
640 3716 830 3781 plenam
883 3714 1123 3764 civitatem
1176 3714 1377 3779 adeptos
1427 3731 1527 3763 esse
1564 3714 1814 3771 docemur3
1870 3728 2077 3777 quocum
2114 3714 2337 3762 convenit
2372 3714 2500 3777 qnod

251 3816 441 3853 ‹310an
494 3803 560 3864 (in
619 3804 842 3851 Oratione
885 3801 1152 3863 Philzppica
1203 3800 1308 3850 Lib.
1347 3800 1394 3850 3.
1433 3798 1551 3863 Cap.
1588 3800 1636 3862 6)
1674 3797 1884 3847 Ariciam
1920 3797 2301 3861 antiquissimum
2330 3801 2377 3846 et
2413 3798 2505 3847 ho-

251 3888 580 3939 nestissimum
623 3886 934 3951 municipium
983 3884 1211 3951 appellat.
1246 3886 1425 3934 PAULY
1473 3882 1972 3949 (Real-Encyclopedie
2005 3899 2052 3948 p.
2090 3883 2207 3944 219)
2250 3883 2372 3933 hanc
2413 3884 2503 3933 dif-

251 3972 518 4024 ficultatem
551 3971 694 4030 vidit,
733 3970 934 4034 conjecit
969 3970 1191 4019 Aricinos
1229 3968 1471 4035 republica
1507 3985 1593 4018 sua
1628 3968 1844 4034 privatos
1880 3972 2056 4017 esseut
2082 3968 2280 4017 fortiore
2307 3969 2499 4019 vinculo

251 4058 439 4107 Romae
491 4056 871 4113 devincirentur3
912 4070 1008 4121 3eos
1061 4071 1174 4119 ergo
1229 4058 1357 4105 recte
1395 4072 1420 4103 a
1458 4067 1625 4103 PAULO
1663 4054 1754 4101 hoc
1789 4053 1897 4103 loco
1935 4054 2166 4103 recenseri
2202 4057 2359 4118 putat.
2404 4054 2501 4102 Eos

250 4148 416 4193 tamen
469 4142 675 4203 benificii
731 4156 876 4189 causa
915 4140 977 4188 .in
1029 4139 1164 4189 illam
1198 4140 1531 4188 condicionem
1582 4138 1803 4187 redactos
1857 4154 1958 4187 esse
1994 4154 2113 4202 quae
2160 4139 2266 4187 aliis
2302 4140 2352 4187 in
2384 4154 2501 4200 poe-

248 4244 364 4279 nam
410 4226 725 4285 tribueretur,
774 4241 872 4275 non
908 4225 1046 4275 facile
1083 4226 1288 4278 credam.
1323 4224 1580 4275 Praeterea
1616 4227 1798 4289 pugnat
1836 4224 2162 4273 testimonium
2195 4237 2353 4273 PAULI
2389 4239 2498 4273 cum

251 4326 416 4365 mvro.

400 4399 437 4461 ¹)
509 4395 581 4447 cf.
609 4394 824 4456 Lrvnm,
864 4396 970 4445 Lib.
1008 4396 1055 4446 9.
1091 4398 1173 4446 43.

397 4482 438 4545 ⁹)
506 4482 736 4547 Exemplo
775 4485 846 4531 est
879 4480 1114 4544 Anagnia.
