3027 5263
1292 540 1374 602 47

206 743 387 806 erunt
433 736 788 824 suffragium
835 735 1067 815 ferant,
1118 733 1314 820 iisque
1345 734 1410 798 in
1443 755 1513 799 ea
1562 733 1733 800 curia
1766 735 2039 822 suffragii
2086 737 2235 802 latio
2270 737 2460 804 ecto?

203 867 358 932 Non
406 888 612 932 omnes
661 865 850 950 igitur
895 861 1129 928 incolae
1177 863 1450 927 Malacae
1493 863 1633 947 jure
1664 862 1937 948 suffragii
1984 863 2255 950 gaudent
2270 892 2289 943 ;
2328 871 2463 930 tan·

205 1001 344 1059 tum
393 993 458 1057 hi
506 993 615 1078 qui
663 993 822 1057 cives
885 991 1146 1056 Romani
1194 995 1340 1054 sunt
1403 990 1497 1054 vel
1548 990 1762 1054 Latini
1803 990 1866 1075 ¹).
1962 993 2313 1076 Antequam
2362 1015 2463 1058 ex-

205 1121 372 1208 plico
435 1143 554 1206 qua
615 1119 847 1184 ratione
906 1119 1040 1205 jure
1102 1118 1212 1182 illo
1261 1117 1362 1182 usi
1412 1118 1564 1195 sint,
1634 1139 1828 1202 pauca
1874 1117 2133 1182 dicenda
2179 1118 2461 1186 videntur

207 1249 288 1314 de
337 1249 620 1334 opinione
666 1248 780 1312 vir.
815 1247 894 1312 cl.
943 1267 1172 1323 ztmr'r,
1227 1245 1334 1330 qui
1368 1244 1587 1309 incolis
1620 1245 1686 1310 in
1721 1245 1855 1310 aliis
1904 1245 2303 1331 municipiiS,
2339 1247 2465 1312 imo

210 1376 599 1462 Salpensanis
665 1395 910 1460 quoque
953 1374 1052 1457 jus
1104 1372 1378 1456 suffragii
1423 1371 1671 1456 negavit
1701 1372 1771 1456 2).
1820 1371 2069 1436 Certum
2120 1371 2270 1456 quid
2323 1394 2468 1438 sane

207 1505 278 1568 in
327 1503 442 1567 hac
491 1524 670 1567 causa
719 1501 908 1565 statui
958 1499 1174 1584 nequit
1223 1505 1470 1584 propter
1517 1499 1785 1563 fontium
1817 1498 2217 1578 tenuitatem,
2264 1507 2468 1566 tamen

210 1630 360 1717 quia
406 1629 707 1694 tributum
739 1627 816 1692 iis
845 1627 1032 1691 fuisse
1086 1626 1426 1703 nescimuS‚
1478 1648 1701 1712 negare
1741 1648 1867 1690 non
1900 1625 2219 1706 auderem,
2270 1649 2471 1713 neque

211 1759 372 1824 mihi
421 1761 848 1843 persuaserunt
893 1760 1250 1840 argumenta
1299 1753 1376 1818 ab
1425 1775 1500 1818 eo
1546 1753 1759 1831 allata;
1812 1753 1959 1818 dicit
2007 1754 2169 1819 enim
2217 1761 2466 1822 auctort

211 1885 316 1964 „si
349 1883 602 1948 omnino
653 1881 808 1946 illud
857 1903 995 1946 cum
1045 1880 1294 1945 civitate
1337 1885 1446 1944 aut
1493 1879 1831 1947 Latinitate
1879 1882 2277 1966 conjunctum
2325 1882 2470 1948 fuis-

209 2018 307 2078 set
351 2017 422 2076 ut
485 2033 556 2076 ea
618 2011 724 2095 qui
787 2014 1104 2074 uterentur
1168 2009 1236 2072 in
1301 2008 1588 2073 omnibus
1656 2009 2007 2095 municipiis
2052 2010 2130 2075 ad
2176 2010 2467 2098 suffragia

211 2139 462 2206 ferenda
509 2137 1009 2216 admitterentur,
1061 2159 1172 2202 nec
1219 2137 1460 2222 proprie
1508 2137 1621 2202 hac
1667 2137 1801 2222 lege
1857 2138 2075 2202 sanciri
2124 2161 2279 2223 opus
2325 2139 2471 2203 fuis·

214 2271 313 2332 set
360 2272 420 2330 et
467 2265 546 2328 ad
593 2264 1011 2330 dissolvendas
1061 2263 1432 2349 respublicas
1463 2263 1924 2348 pertinuisset.”
2018 2263 2291 2330 Primum
2335 2265 2469 2330 eius

210 2399 643 2480 argumentum
706 2393 915 2480 magni
980 2391 1276 2456 momenti
1341 2413 1464 2456 non
1538 2391 1815 2470 videtur,
1880 2413 2027 2456 nam
2090 2391 2332 2457 etiamsi
2398 2391 2468 2458 iu

210 2523 496 2589 omnibus
529 2522 886 2608 municipiis
913 2522 1014 2607 jus
1045 2521 1320 2608 suffragii
1353 2543 1709 2586 concessum
1752 2520 1937 2588 fuerit
1970 2521 2222 2598 incolis,
2259 2527 2468 2588 tamen

211 2652 296 2717 de
342 2652 523 2715 modo
587 2672 709 2735 quo
773 2649 1045 2714 Malacae
1109 2649 1348 2713 incolae
1395 2650 1679 2736 suffragia
1734 2648 1891 2714 ferre
1954 2649 2213 2715 debeant
2262 2657 2469 2715 nostra

213 2782 320 2846 lex
349 2784 510 2845 recte
557 2784 822 2843 statuere
869 2784 1089 2864 potest.
1187 2778 1408 2863 Neque
1455 2777 1665 2856 video,
1716 2799 1901 2862 quare
1933 2776 2011 2842 ad
2044 2777 2467 2843 dissolvendas

218 3096 685 3159 „‚‚multitudine.”''
755 3098 889 3148 Haec
937 3098 1036 3163 jam
1082 3097 1379 3157 sufficerent,
1433 3112 1510 3147 me
1554 3096 1739 3161 judice;
1789 3096 1954 3162 quidni
2012 3100 2197 3155 autem,
2248 3113 2475 3160 quaerere

212 3186 391 3241 liceat,
429 3184 542 3233 civis
577 3184 776 3233 Latinus
811 3183 906 3232 dici
943 3186 1103 3248 potest
1137 3184 1177 3231 is
1215 3185 1295 3247 qui
1330 3183 1577 3247 municeps
1613 3184 1687 3231 est
1721 3181 1923 3232 Latinus
1966 3182 2039 3230 vel
2078 3182 2196 3231 civis
2232 3184 2322 3244 (uti
2356 3184 2472 3248 legi-

213 3275 299 3319 tur
333 3268 384 3317 in
418 3268 522 3333 lege
559 3266 587 3318 7
627 3268 746 3317 Cod.
781 3268 842 3317 de
875 3269 967 3319 ino.
1005 3274 1050 3317 et
1086 3269 1166 3317 ubi
1189 3269 1295 3333 quis
1330 3268 1441 3330 (10,
1480 3268 1594 3329 39),
1633 3268 1693 3319 cf.
1733 3268 1877 3317 etiam
1912 3267 2004 3331 leg.
2032 3268 2057 3317 1
2086 3270 2110 3328 ς
2140 3270 2162 3317 1
2193 3269 2253 3317 D.
2287 3270 2355 3317 ad
2373 3286 2475 3319 mu·

214 3355 314 3404 nic.
350 3353 468 3417 (50,
509 3354 585 3414 1))
621 3352 670 3401 in
707 3353 968 3418 municipio
998 3353 1204 3402 Latino?
1273 3353 1603 3415 (Laeonum
1640 3367 1736 3401 non
1772 3353 2017 3401 contendit
2052 3354 2253 3402 incolam
2290 3354 2475 3413 „civem

216 3438 482 3489 Latinum'’
517 3437 612 3486 dici
635 3452 731 3485 non
757 3453 894 3501 posse
929 3466 988 3475 -—
1017 3436 1144 3501 quod
1169 3438 1510 3487 attendendum
1536 3463 1607 3475 --
1627 3437 1711 3487 sed
1739 3450 1875 3487 usum
1902 3438 2033 3485 vocis
2059 3438 2242 3495 „civis”
2270 3454 2357 3501 pro
2382 3439 2473 3487 La·

215 3523 324 3572 tino
360 3521 644 3587 simpliciter
679 3522 1019 3587 reprehendit).
1056 3522 1191 3587 Quae
1217 3538 1325 3572 cum
1362 3523 1428 3571 ita
1451 3522 1549 3571 sint
1574 3536 1669 3571 uon
1693 3522 1815 3571 facio
1841 3538 1948 3571 cum
1972 3535 2139 3571 zuur'r
2164 3523 2317 3583 (stud.
2340 3522 2475 3572 Rom.

215 3624 267 3673 p.
307 3606 424 3665 361)
463 3606 542 3670 qui
581 3606 739 3665 „cives
776 3606 970 3656 Latini⁹⁹
1008 3608 1056 3655 in
1094 3607 1197 3671 lege
1235 3621 1488 3657 occurrere
1524 3610 1665 3671 putat
1700 3607 1816 3655 vitio
1840 3608 2096 3670 sculptoris
2121 3606 2203 3654 sed
2229 3606 2475 3669 idemeig-

215 3692 416 3741 nificare
449 3692 659 3740 arbitror
693 3708 748 3740 ae
785 3692 938 3749 „civis
975 3708 1031 3739 ex
1065 3690 1267 3753 Latio”‚
1305 3697 1357 3739 ut
1405 3704 1711 3741 sALnusrms
1759 3690 1973 3755 loquitur
2010 3692 2089 3752 (de
2122 3691 2263 3738 Bello
2295 3692 2475 3753 Juyur-

214 3777 351 3825 thino
387 3775 503 3840 Cap.
541 3777 645 3839 69).
678 3776 752 3827 Cf.
779 3775 837 3823 ad
867 3776 994 3825 hunc
1031 3775 1189 3824 locum
1225 3790 1274 3826 a.
1308 3788 1523 3843 cucone,
1573 3777 1653 3839 qui
1690 3788 1949 3825 sAnLusrn
1986 3791 2105 3839 opus
2142 3774 2291 3824 edidit
2326 3774 2475 3823 Bero-

215 3861 306 3911 lini
349 3860 508 3919 1855,
547 3860 596 3908 in
633 3864 733 3909 not.
771 3862 830 3919 43
867 3861 1074 3909 addatur
1111 3871 1375 3919 annom-r,
1411 3862 1460 3909 in
1499 3862 1637 3923 Disp.
1680 3862 1793 3910 Urit.
1831 3876 1877 3924 p.
1921 3860 1998 3909 16.

367 3946 402 4007 ¹)
473 3945 965 3995 Animadvertendum
1011 3950 1083 3995 est
1139 3945 1232 3995 hoe
1279 3946 1385 3995 loeo
1439 3946 1478 3993 si
1526 3960 1681 3995 meam
1730 3944 2006 4009 opinionem
2052 3944 2110 3995 de
2158 3944 2267 4007 jure
2302 3944 2475 3993 horum

214 4028 596 4095 municipiorum
629 4030 936 4095 amplectaris
969 4030 1109 4079 facile
1143 4046 1249 4079 esse
1283 4030 1531 4079 intellectu
1571 4030 1740 4079 incolis
1775 4029 1959 4079 Latinis
1989 4029 2069 4093 jus
2110 4029 2319 4093 suffragii
2357 4045 2471 4079 con·

219 4130 410 4165 cessum
443 4114 612 4170 fuisse,
649 4115 872 4178 quoniam
909 4115 1050 4164 urbes
1075 4115 1242 4165 eodem
1261 4114 1370 4178 jure
1405 4114 1681 4163 Latinitatis
1721 4114 2004 4179 gauderent3
2040 4130 2192 4177 neque
2226 4114 2353 4163 cives
2379 4113 2475 4163 Ro·

218 4214 392 4249 manos
421 4200 532 4263 jure
565 4199 652 4249 illo
687 4215 798 4249 usos
823 4215 945 4259 esse,
985 4200 1157 4264 quippe
1183 4200 1263 4264 qui
1301 4200 1497 4249 meliore
1516 4199 1625 4263 jure
1650 4202 1925 4257 uterentur,
1962 4201 2136 4249 mirum
2160 4215 2263 4249 esse
2286 4204 2474 4264 potest;

219 4284 466 4335 difficilius
490 4287 560 4333 est
583 4284 688 4333 viro
713 4284 774 4333 cl.
803 4298 994 4341 zumrr,
1024 4301 1132 4333 cum
1161 4286 1418 4333 contendat
1443 4285 1559 4334 haec
1584 4286 1846 4351 municipia
1871 4286 2015 4337 fuisse
2032 4285 2209 4335 civium
2236 4286 2480 4335 Romano-

217 4385 365 4427 rum,
399 4368 635 4434 explicare
669 4384 814 4432 quare
851 4370 1038 4418 Latinis
1071 4368 1241 4418 incolis
1277 4370 1555 4433 suffragium
1589 4370 1713 4419 ferre
1754 4370 1957 4420 licuerit.

369 4453 408 4517 2)
475 4454 608 4503 stud.
646 4453 779 4503 Rom·
815 4469 862 4517 p.
902 4453 1027 4512 283,
1069 4454 1186 4502 284.
