3027 5263
1325 654 1409 713 83

241 844 520 933 probatio
571 842 931 909 vocabulum
996 844 1196 929 ipsum
1246 843 1515 911 indicare
1566 845 1837 911 videtur:
1912 846 2165 913 Ordinis
2215 855 2344 915 erat
2390 873 2490 915 ex-

245 973 480 1059 plorare
552 994 700 1035 num
767 971 966 1055 justae
1043 977 1241 1035 essent
1326 972 1817 1038 manumissionis
1908 997 2157 1055 causae,
2232 999 2492 1062 quarum

197 1070 214 1079 -
247 1099 470 1165 multas
527 1099 648 1163 Icti
697 1098 1019 1163 memoriae
1071 1099 1451 1164 tradiderunt
1483 1101 1569 1185 ¹),
1620 1101 1822 1186 iisque
1864 1102 2045 1187 justis
2088 1103 2375 1187 judicatis
2399 1105 2492 1191 ²),

246 1225 785 1291 manumissionem
832 1225 1206 1311 permittere.
1276 1225 1535 1291 Causam
1584 1227 1904 1313 allegatam
1938 1228 2189 1315 probare
2238 1229 2498 1296 debebat

243 1353 741 1439 ipse.dominuS,
796 1352 924 1417 sive
973 1359 1326 1438 procurator
1375 1354 1506 1417 eius
1531 1402 1549 1431 ,
1601 1356 1655 1420 si
1703 1356 1835 1440 ipse
1884 1355 2119 1420 abesset
2153 1356 2227 1441 ³).

431 1479 689 1563 Itaque,
764 1478 1022 1564 opinor,
1101 1478 1305 1542 omnia
1378 1502 1533 1563 quae
1567 1480 1639 1545 de
1690 1481 1917 1546 Senatu
1990 1483 2348 1569 municipali
2422 1507 2496 1551 ex

238 1605 480 1693 legibus
545 1605 770 1670 Flaviis
835 1628 1195 1690 cognoscere
1259 1606 1486 1671 licebat
1548 1608 1880 1693 explicavi,
1948 1632 2139 1695 eoque
2182 1612 2308 1695 jam
2358 1634 2493 1696 pro·

237 1755 486 1821 gressus
535 1754 660 1796 esse
726 1731 935 1796 videor
983 1739 1054 1797 ut
1101 1732 1533 1817 inquirendum
1596 1734 1678 1797 sit
1728 1758 1883 1820 quae
1930 1737 2249 1821 potestatis
2298 1743 2497 1824 partes

242 1859 702 1947 magistratibus
749 1858 1226 1945 municipalibus
1276 1860 1440 1926 hisce
1488 1860 1727 1949 legibus
1775 1862 2139 1929 deferantur.

1266 2114 1469 2124 ——-—.

1154 2403 1432 2470 CAPUT
1479 2404 1606 2471 III.
1641 2466 1645 2472 .

916 2641 1020 2692 DE
1077 2640 1834 2693 MAGISTRATIBUS.

436 2874 828 2960 Magistratus
901 2872 1220 2952 ordinarii,
1296 2895 1557 2957 quorum
1627 2872 1727 2936 hic
1776 2873 1901 2938 illic
1943 2875 2070 2959 jam
2124 2877 2501 2942 mentionem

245 3001 400 3080 feci,
448 3002 722 3067 Malacae
755 3008 818 3068 et
851 3000 1176 3087 Salpensae
1205 3007 1377 3064 erant
1401 3021 1500 3064 sex
1520 3047 1541 3079 ,
1578 2998 1809 3065 scilicet
1843 3000 1974 3066 bini
2006 3001 2077 3066 II
2108 3002 2257 3081 viri,
2298 3003 2510 3069 eodem

387 3376 444 3426 In
482 3375 744 3440 municipio
781 3375 1076 3439 Salpensano
1114 3391 1200 3424 cur
1236 3391 1331 3424 non
1371 3375 1630 3424 consilium
1661 3373 1772 3439 >lege
1807 3375 1944 3426 Aelia
1980 3378 2145 3426 Sentis
2180 3377 2512 3427 introductum

247 3475 418 3510 causas
455 3461 840 3509 manumissionis
877 3461 1070 3524 probet,
1111 3461 1193 3509 sed
1231 3464 1399 3509 contra
1446 3460 1763 3509 decurionum
1800 3461 2087 3526 collegium,
2128 3463 2243 3510 satis
2280 3477 2517 3527 superque

246 3545 484 3596 indicavit
521 3551 661 3609 atque
698 3545 1045 3594 demonstravit
1079 3559 1304 3603 ornam),
1343 3560 1483 3608 quem
1522 3545 1627 3593 vide
1664 3546 1712 3593 in
1755 3546 1908 3607 Opere
1942 3547 2068 3594 laud.
2119 3562 2163 3610 p.
2207 3547 2301 3594 110
2330 3551 2379 3594 et
2403 3548 2520 3596 115.

247 3629 399 3694 Quod
435 3630 584 3694 igitur
619 3630 870 3678 consilium
914 3629 1032 3677 illud
1072 3645 1166 3677 non
1203 3632 1498 3677 memoratur
1552 3630 1600 3676 in
1640 3629 1743 3692 lege
1781 3633 1945 3677 nostra
1985 3645 2079 3676 non
2116 3629 2289 3693 probat
2323 3630 2515 3679 auctori

244 3715 482 3780 placitum
516 3714 635 3776 legis
667 3714 830 3762 Aeliae
866 3714 1057 3762 Sentias
1092 3716 1311 3778 ignotum
1349 3715 1508 3764 fuisse.

386 3799 550 3862 Neque
586 3799 705 3848 mihi
744 3805 840 3848 tam
890 3799 1064 3847 mirum
1102 3798 1290 3846 videtur
1326 3797 1480 3846 ordini
1519 3797 1867 3860 quodammodo
1900 3795 2073 3859 judicis
2108 3800 2400 3861 potestatem
2425 3798 2515 3847 tri-

245 3884 416 3932 butam
451 3899 577 3942 esse3
620 3888 790 3932 notum
827 3884 952 3931 enim
989 3886 1060 3931 est
1098 3883 1315 3931 ordinem
1352 3898 1539 3946 quoque
1572 3882 1786 3945 judicare
1824 3884 1985 3928 utrum
2024 3881 2207 3929 multae
2229 3882 2328 3931 sint
2359 3883 2520 3947 justae

245 3983 399 4017 necne
437 3968 550 4026 (vid.
589 3968 705 4033 Cap.
745 3969 808 4016 66
846 3968 964 4032 leyis
999 3969 1117 4016 Mal.
1155 3971 1203 4016 et
1240 3983 1358 4031 quae
1395 3968 1634 4032 disputavi
1672 3967 1731 4014 ad
1767 3966 1896 4014 hunc
1939 3965 2146 4028 locum),
2173 3967 2317 4015 etiam
2360 3968 2520 4017 ordini

246 4069 595 4118 nonnunquam
632 4059 769 4102 actus
789 4053 1141 4117 jurisdictionis
1168 4053 1465 4101 voluntariae
1502 4053 1803 4118 competebat
1841 4068 1956 4116 mg.
1992 4055 2031 4100 si
2070 4068 2237 4101 servus
2274 4053 2527 4119 municipii

245 4139 658 4188 manumittendus
693 4143 839 4196 esset,
877 4139 974 4188 vid.
1010 4138 1102 4202 leg.
1142 4139 1168 4187 1
1215 4141 1262 4187 et
1297 4139 1327 4185 2
1365 4138 1487 4186 Cod.
1522 4138 1580 4186 de
1613 4153 1735 4187 serv.
1770 4138 1970 4199 reipubl.
2009 4138 2257 4188 manumit.
2292 4137 2439 4200 (7.9).

398 4223 432 4283 ¹)
505 4223 624 4272 Vide
659 4236 851 4281 uatum,
897 4225 1066 4272 Comm.
1091 4222 1115 4270 1
1152 4225 1174 4283 ᾧ
1213 4224 1301 4281 19,
1338 4223 1448 4284 §39
1471 4259 1486 4282 ,
1524 4222 1763 4270 addantur
1798 4221 1930 4284 leges
1967 4223 1995 4270 9
2037 4237 2133 4286 pr„
2181 4223 2271 4282 11,
2315 4223 2412 4283 12,
2455 4223 2518 4272 13

246 4310 308 4359 D.
349 4309 409 4357 de
443 4325 642 4357 manum.
689 4310 900 4358 vindicta
935 4309 1097 4370 (40.2)

390 4393 432 4455 2)
499 4392 766 4442 Unrlarws
819 4393 959 4442 nobis
1011 4407 1229 4442 normam
1266 4391 1413 4441 tradit
1449 4407 1592 4454 quam
1628 4390 1678 4440 in
1714 4391 1868 4440 causis
1904 4391 2165 4457 probandis
2195 4390 2383 4456 julices
2423 4391 2521 4448 ob,

245 4493 446 4530 servare
481 4479 753 4542 oportebat.
793 4479 912 4528 Vide
948 4477 981 4528 1.
1020 4479 1084 4527 16
1119 4479 1184 4530 D.
1228 4479 1382 4528 eiusd.
1424 4478 1517 4527 m.

392 4561 433 4624 ³)
505 4562 624 4612 vide
657 4563 750 4628 leg.
790 4563 852 4612 15
891 4565 968 4624 §3
1007 4563 1067 4614 D.
1103 4563 1162 4612 de
1196 4579 1400 4613 manum.
1437 4562 1565 4614 vind.
1600 4563 1779 4626 (40.2).

2140 4658 2227 4720 64(-
