3027 5263
1553 599 1678 658 182

490 794 873 864 venditione,
926 791 1069 876 quia
1118 791 1385 852 nondum
1438 789 1684 873 praedes
1720 795 1890 852 erant
1923 788 2048 850 dati
2089 810 2282 872 neque
2319 787 2565 872 praedia
2597 787 2738 850 sub·

495 924 750 1005 signata.

677 1048 1043 1130 Interpretes
1097 1045 1299 1129 itaque
1353 1044 1460 1107 etsi
1498 1043 1845 1128 opinionem
1883 1066 2052 1108 suam
2087 1066 2210 1108 non
2239 1043 2532 1130 probent,
2568 1045 2736 1109 illam

489 1185 689 1238 tamen
726 1173 1111 1260 ⁸probabilem
1164 1171 1411 1235 reddere
1446 1179 1772 1247 conantum
1826 1172 2082 1256 ideoque
2117 1173 2190 1236 ad
2227 1173 2568 1258 analogiam
2601 1197 2740 1258 pro-

495 1325 701 1365 vocare
735 1308 1096 1386 coeperunt,
1156 1299 1231 1362 ad
1260 1299 1601 1383 exemplum
1637 1321 1719 1362 sc.
1744 1299 2038 1363 bonorum
2073 1308 2370 1364 sectorum
2407 1307 2590 1385 atque
2617 1323 2743 1364 cm-

495 1439 757 1514 ptorum:
781 1428 937 1511 quod
966 1437 1160 1490 tamen
1192 1433 1612 1511 argumentum
1644 1449 1924 1510 magnam
1947 1427 2070 1526 rim
2099 1427 2315 1491 habere
2334 1451 2456 1491 non
2477 1428 2735 1493 videtur.

494 1557 723 1620 Notum
794 1561 879 1617 est
944 1577 1097 1638 quae
1162 1554 1345 1617 fuerit
1410 1553 1573 1638 apud
1637 1553 1940 1617 Romanos
2001 1554 2109 1617 illa
2159 1555 2458 1620 bonorum
2509 1560 2737 1622 sectio:

487 1683 669 1748 fiebat
704 1682 775 1746 ab
811 1682 887 1744 iis
924 1682 1025 1766 qui
1062 1689 1278 1745 cuneta
1312 1681 1469 1744 bona
1505 1680 1964 1758 damnatorum,
2005 1690 2210 1766 postea
2239 1686 2736 1770 proscriptorum,

494 1810 913 1875 mercabantur
964 1832 1152 1892 eaque
1200 1807 1439 1893 singula
1492 1808 1746 1873 vendere
1803 1808 2078 1874 solebant
2119 1811 2181 1895 ¹).
2265 1811 2385 1876 Illa
2433 1812 2741 1879 bonorum

493 1941 756 2002 sectione
775 1987 792 2014 ,
825 1946 890 2001 ut
919 1939 1235 2023 perspicue
1262 1961 1333 2001 ex
1360 1937 1632 2000 fontibus
1661 1947 1947 2024 apparet,
1990 1947 2184 2004 sector
2220 1941 2558 2006 dominium
2584 1945 2744 2028 juris

494 2067 811 2152 quiritium
862 2065 1241 2150 acquirebat,
1294 2065 1479 2150 idque
1527 2073 1784 2130 testatus
1836 2075 1926 2130 est
1959 2087 2196 2146 VARRO,
2233 2069 2339 2133 ubi
2366 2071 2452 2134 ait
2475 2071 2561 2156 2):
2615 2073 2744 2150 „In

490 2192 898 2279 emptionibus
948 2193 1263 2255 dominum
1312 2191 1649 2276 legitimum
1703 2215 1806 2256 sex
1855 2191 1974 2256 fere
2007 2215 2100 2256 res
2136 2196 2537 2280 perficiunt,”
2577 2201 2746 2264 inter

488 2345 639 2406 quas
710 2329 1013 2385 recenset:
1093 2327 1269 2396 „tum
1336 2342 1474 2383 cum
1542 2321 1605 2382 in
1657 2319 1830 2383 bonis
1879 2321 2218 2386 sectioneve
2269 2325 2444 2388 cuius
2494 2326 2748 2410 publice

492 2449 743 2513 veniit.''
794 2447 1165 2511 Addictione
1215 2447 1560 2510 dominium
1611 2447 2254 2528 amittebatdebitor,
2308 2461 2621 2538 sectorque
2671 2456 2740 2519 in

492 2577 694 2641 omnia
767 2575 927 2640 bona
975 2575 1329 2639 succedebat
1357 2575 1426 2659 ³).
1503 2575 1596 2639 Ex
1650 2576 1816 2641 hisee
1867 2586 2144 2663 apparet,
2199 2579 2260 2643 ni
2310 2580 2518 2660 fallor,
2570 2583 2742 2650 illam

492 2706 817 2769 sectionem
884 2704 1297 2768 venditionem
1349 2726 1548 2769 veram
1598 2705 1817 2781 fuisse,
1867 2728 1946 2770 sc.
1999 2705 2182 2771 talem
2233 2731 2350 2793 qua
2400 2710 2744 2777 dominium

495 2833 938 2897 transferretur.

678 2958 897 3042 Neque
949 2958 1165 3021 mirum
1217 2958 1499 3042 cuiquam
1555 2959 1826 3025 videatur
1851 2962 1936 3045 4),
1975 2982 2176 3025 GAHm
2209 2964 2496 3047 praedum
2535 2968 2745 3032 vendi·

486 3088 715 3152 tionem
766 3086 992 3171 quippe
1036 3110 1189 3171 quae
1239 3085 1576 3151 dominium
1628 3090 1902 3153 omnium
1953 3090 2250 3155 bonorum
2301 3093 2366 3156 in
2401 3102 2737 3179 emptorem

490 3216 799 3294 conferat,
852 3239 973 3279 non
1020 3238 1345 3279 memorare
1380 3216 1486 3279 ubi
1523 3216 1596 3281 de
1632 3218 2112 3283 successionibus
2147 3242 2253 3304 per
2286 3209 2739 3291 universitatem

495 3343 765 3428 disputat
842 3343 932 3425 (in
980 3342 1169 3405 Libro
1224 3344 1261 3404 3
1316 3344 1349 3427 ξ»
1403 3344 1511 3427 77)
1537 3368 1556 3420 ;
1607 3366 1748 3407 nam
1797 3344 1994 3409 JCtus
2044 3347 2400 3434 vix.attigit
2447 3352 2737 3435 praedum

494 3470 941 3549 venditionem,
1019 3472 1141 3534 imo
1216 3469 1528 3555 publicam
1579 3472 1828 3535 omnino
1889 3472 2319 3559 obligationem
2337 3502 2354 3553 ;
2413 3500 2600 3543 unum
2649 3488 2738 3545 ta-

495 3621 627 3661 men
704 3597 872 3661 illum
948 3598 1149 3661 locum
1217 3597 1321 3663 ubi
1389 3598 1618 3662 mentio
1666 3600 1772 3661 fiat
1823 3600 1987 3679 eiuS,
2041 3601 2222 3685 paulo
2269 3611 2412 3688 post
2461 3607 2734 3691 opinioni

491 3724 583 3789 illi
642 3725 1039 3810 interpretum
1090 3727 1165 3789 de
1213 3726 1503 3811 praedum
1557 3727 1900 3792 venditione
1950 3728 2189 3794 obstare
2239 3734 2569 3817 apparebit.

680 3853 838 3917 Sunt
916 3862 1119 3918 tamen
1200 3861 1507 3939 praeterea
1588 3856 1932 3941 complura,
2018 3858 2238 3943 quibus
2314 3884 2494 3949 cogar
2565 3863 2734 3929 illam

642 4166 671 4225 Ι)
745 4166 864 4213 Vide
924 4180 1403 4216 esnone-,ascommr
1458 4170 1516 4216 ad
1574 4181 1737 4219 crona.
1790 4170 1838 4217 in
1907 4174 2105 4222 Verrem.
2151 4174 2196 4221 2.
2241 4174 2281 4221 1.
2320 4186 2497 4221 onum.
2537 4192 2584 4241 p.
2626 4176 2734 4229 177.

507 4250 711 4298 addatur
748 4264 926 4298 res'rus
970 4252 1013 4299 iu
1055 4268 1191 4299 voce:
1232 4253 1449 4301 Sectores
1484 4254 1560 4302 ed.
1595 4258 1802 4303 Μίὶιιεη
1839 4272 1882 4319 p.
1922 4256 2038 4307 337.

634 4336 673 4395 2)
748 4337 801 4383 ln
838 4334 983 4383 Libro
1019 4336 1078 4383 de
1113 4338 1197 4385 Re.
1236 4338 1369 4386 Rust.
1410 4340 1463 4394 2,
1503 4340 1582 4389 10.
1621 4344 1668 4388 4.

632 4420 671 4479 ³)
749 4420 867 4467 Vide
904 4434 1091 4477 emunt,
1131 4424 1253 4471 Inst.
1291 4423 1393 4471 Lib.
1432 4424 1481 4471 3.
1517 4426 1539 4483 ς
1581 4426 1674 4473 154
1713 4426 1772 4473 cf.
1811 4428 1832 4485 §
1871 4426 1950 4477 80.

632 4504 672 4563 4)
745 4505 817 4555 Cf.
852 4519 1159 4555 zmurzamn
1198 4508 1245 4557 in
1286 4508 1414 4558 Dias.
1450 4511 1484 4558 l.
1521 4525 1565 4576 p.
1603 4508 1690 4561 47.
