3027 5263
1413 568 1533 631 117

339 757 465 821 illa.
541 758 606 821 Si
655 762 856 821 autem
907 759 1109 821 evenit
1161 765 1231 822 ut
1279 759 1400 823 duo
1453 760 1548 824 vel
1595 760 1799 845 plures
1848 760 2106 826 totidem
2156 760 2422 827 habeant
2470 763 2594 827 suf·

339 886 538 971 fragia
586 886 654 949 in
701 908 825 949 una
875 887 1072 965 curia,
1120 886 1349 951 ibidem
1400 887 1532 973 lege
1582 894 1828 953 cautum
1864 896 1951 953 est
1986 913 2167 975 quem
2201 890 2387 955 creari
2420 913 2591 977 opor·

339 1020 481 1078 teat.
549 1013 949 1099 Magistratus
999 1014 1162 1077 enim
1210 1014 1510 1100 praeferre
1552 1016 1837 1099 jubetur,

530 1165 586 1204 a.
641 1163 780 1205 eum
827 1142 932 1226 qui
982 1142 1276 1221 maritae,
1328 1143 1755 1209 maritornmve
1789 1166 2039 1208 numero
2073 1150 2201 1225 est,
2256 1144 2469 1210 caelibi
2502 1146 2583 1231 ι);

346 1269 397 1332 si
447 1268 568 1332 duo
624 1268 717 1331 vel
758 1290 966 1333 omnes
1018 1274 1164 1332 sunt
1211 1270 1456 1347 mariti,

529 1397 582 1459 b.
642 1418 782 1460 eum
822 1396 929 1480 qui
975 1395 1196 1459 liberos
1247 1395 1456 1473 habet,
1509 1396 1692 1475 orb03
1746 1398 1797 1460 si
1823 1404 2077 1481 uterque
2109 1397 2331 1463 liberos
2362 1398 2587 1479 habet,

533 1545 582 1585 c.
633 1544 773 1586 eum
845 1522 954 1606 qui
1025 1520 1230 1606 plures
1301 1522 1523 1586 liberos
1595 1522 1779 1587 habet
1824 1523 2135 1610 pauciores
2184 1524 2433 1589 habenti
2454 1551 2473 1603 3
2540 1526 2591 1589 si

345 1671 592 1737 prorsus
642 1648 908 1734 denique
957 1650 1228 1713 eiusdem
1279 1650 1651 1715 condicionis
1702 1657 1883 1732 sunt,

535 1780 592 1841 d.
643 1776 695 1841 is
752 1776 1088 1863 praefertur
1143 1800 1324 1862 quem
1373 1801 1502 1842 sors
1551 1779 1923 1846 indicaverit.

532 2058 590 2097 a.
689 2032 931 2097 Maritis
1021 2032 1490 2118 aequiparantur
1573 2035 1666 2113 „ii
1738 2036 1845 2120 qui
1919 2036 2273 2101 maritorum
2346 2060 2599 2102 numero

346 2158 554 2226 sunt.'’
603 2158 932 2241 Quaeritur
979 2160 1084 2244 qui
1142 2160 1539 2247 designentur
1587 2161 1751 2226 hisce
1799 2160 2043 2227 verbis?
2090 2162 2315 2228 Utrum
2373 2172 2599 2230 certam

349 2290 596 2355 classem
646 2288 962 2351 hominum
1009 2287 1236 2351 faciant
1283 2288 1416 2373 lege
1464 2288 1632 2352 Julia
1680 2295 1741 2353 et
1786 2290 1979 2375 Papia
2029 2290 2341 2355 definitam
2390 2314 2468 2355 an
2518 2315 2593 2357 ex

349 2416 645 2481 beneficio
718 2416 1163 2500 Imperatorum
1237 2437 1674 2500 nonnunquam
1742 2415 2005 2507 coelibes
2054 2440 2167 2503 pro
2214 2420 2449 2483 maritis
2499 2420 2605 2484 ha-

346 2543 648 2610 beantur?
697 2543 774 2607 In
823 2543 981 2606 hanc
1027 2542 1392 2607 sententiam
1440 2564 1813 2608 LABOULAYE
1838 2544 1925 2629 ²),
1974 2545 2039 2608 in
2088 2544 2253 2609 illam
2288 2566 2602 2611 Mommsen

352 2674 504 2740 abiit
532 2673 600 2759 3).
697 2671 1161 2755 Nonnunquam
1220 2694 1364 2736 sane
1413 2671 1592 2738 orbos
1642 2673 1960 2757 utriusque
2011 2696 2190 2737 sexus
2234 2675 2337 2759 jus
2386 2675 2607 2740 libero·

348 2823 488 2865 rum
537 2823 611 2864 ex
656 2798 951 2862 beneficio
985 2798 1424 2883 Imperatorum
1461 2798 1875 2884 impetravisse
1909 2806 2127 2863 notum
2160 2807 2249 2863 est
2268 2826 2287 2878 3
2320 2800 2367 2886 4)
2402 2824 2601 2866 exem-

344 2928 517 3015 plum
590 2932 794 2990 tamen
860 2926 1019 3011 juris
1093 2927 1472 2991 matrimonii
1546 2925 1729 2989 alicui
1786 2927 2051 2990 concessi
2100 2926 2174 2990 ab
2222 2927 2603 3014 Imperatore

341 3076 684 3139 nusquam,
759 3060 1055 3138 quantum
1120 3053 1402 3136 equidem
1475 3053 1635 3130 scin,
1713 3051 2053 3132 invenitur,
2108 3075 2292 3138 quam
2342 3055 2418 3118 ob
2467 3077 2594 3120 rem

359 3181 722 3246 sententiam
762 3180 886 3244 viri
939 3180 1015 3244 cl.
1067 3200 1370 3244 MOMMSEN
1419 3180 1884 3266 probabiliorem
1934 3179 2111 3244 duco.

540 3310 573 3372 b
621 3313 683 3371 et
731 3331 780 3370 ο.
879 3307 1244 3372 Maritorum
1296 3307 1351 3370 is
1402 3308 1508 3392 qui
1559 3306 1779 3372 liberos
1832 3305 2017 3372 habet
2048 3305 2196 3371 orbo
2232 3308 2603 3393 praefertur3

339 3437 454 3522 qui
524 3435 838 3520 pauciores
915 3433 1097 3498 habet
1162 3435 1365 3520 plures
1413 3433 1662 3498 habenti
1712 3435 1893 3499 cedit.
1965 3434 2205 3499 Similia
2254 3442 2399 3499 sunt
2450 3437 2597 3500 haec

344 3564 573 3650 placita
661 3561 1202 3626 constitutionibus
1293 3561 1434 3654 inde
1507 3561 1582 3626 ab
1659 3562 1923 3647 Augusti
1996 3568 2265 3647 tempore
2338 3560 2415 3625 ab
2485 3562 2607 3628 Im·

497 3723 530 3784 1)
603 3722 759 3770 Verba
796 3721 916 3784 legis
951 3725 1095 3770 suntz
1155 3723 1426 3785 „praeferto
1463 3727 1549 3783 (sc.
1584 3721 1729 3782 IIvir)
1766 3721 1992 3770 maritum
2028 3719 2167 3783 quive
2202 3720 2483 3769 maritorum
2520 3737 2607 3770 nu-

343 3823 482 3858 mero
517 3805 608 3854 erit
643 3807 806 3854 coelibi
841 3807 1008 3854 liberos
1043 3822 1136 3853 non
1169 3807 1360 3854 habenti
1401 3806 1480 3869 qui
1515 3809 1791 3854 maritorum
1826 3820 2021 3854 numero
2056 3820 2149 3852 non
2184 3803 2329 3854 erit.”
2398 3805 2610 3856 LABou-

345 3905 486 3942 mim
537 3891 763 3956 explicari
819 3905 958 3960 posse
995 3891 1188 3954 negavit
1223 3891 1339 3939 haec
1377 3891 1554 3949 verba3
1594 3891 1700 3939 vide
1736 3896 1848 3938 eum·
1878 3890 1930 3937 in
1966 3889 2121 3954 Opere
2154 3891 2221 3938 les
2260 3890 2419 3940 Pables
2451 3907 2502 3956 p.
2540 3892 2608 3940 42

343 3979 451 4028 not.
490 3977 569 4024 24.
607 3975 840 4024 Concedit
872 3978 1032 4022 tamen
1071 3975 1302 4023 coelibem
1338 3974 1513 4024 liberos
1550 3974 1725 4023 habere
1762 3990 1928 4038 posse,
1968 3989 2114 4038 quum
2150 3974 2381 4038 adoptare
2414 3975 2571 4039 possit
2604 4001 2619 4040 3

345 4059 572 4124 „coelebs
607 4061 688 4125 qui
723 4061 1004 4109 maritorum
1040 4075 1238 4108 numero
1276 4076 1371 4108 non
1409 4060 1535 4110 erit”
1571 4060 1621 4108 in
1648 4061 1752 4124 lege
1770 4063 1995 4109 accurate
2014 4059 2248 4125 scriptum
2270 4075 2371 4108 esse
2390 4061 2610 4120 videtur,

345 4163 461 4198 cum
513 4144 639 4194 enim
691 4145 817 4193 inter
864 4143 1071 4194 coelibes
1107 4145 1204 4192 siut
1239 4145 1321 4208 qui
1356 4161 1444 4210 pro
1482 4146 1667 4194 maritis
1704 4145 1993 4204 habeantur,
2034 4144 2155 4210 legis
2192 4148 2361 4194 auctor
2396 4145 2611 4194 indicare

345 4231 533 4288 voluit,
571 4229 656 4279 tali
691 4229 864 4279 coelibi
899 4229 1124 4279 maritum
1160 4245 1256 4278 non
1292 4230 1538 4295 praeferri.

495 4316 532 4374 2)
600 4315 661 4364 In
697 4313 880 4380 Opere:
919 4317 991 4363 les
1014 4315 1188 4364 -Tables
1223 4315 1293 4365 l.l.

489 4400 528 4461 3)
601 4399 755 4464 Quem
792 4401 900 4449 vide
938 4401 984 4448 in
1023 4399 1208 4464 Opere:
1245 4401 1549 4449 Stadcreolace
1585 4415 1631 4464 p.
1670 4401 1767 4449 420
1808 4404 1893 4449 not
1930 4400 2012 4449 81.

494 4483 536 4545 4)
605 4483 725 4533 Vide
763 4497 903 4534 mon.
943 4497 1155 4534 cAssnm
1191 4484 1296 4534 Lib.
1337 4485 1398 4532 55
1440 4485 1554 4548 Cap.
1596 4485 1639 4533 2.
