3027 5263
1561 549 1694 610 214
1979 557 2012 579 ⁸

494 749 557 813 in
632 767 851 822 manu,
925 743 1077 807 aliae
1149 742 1213 805 in
1278 741 1578 826 mancipio
1619 741 1697 824 ¹),
1752 761 1995 824 prorsus
2046 738 2254 829 eadem
2303 741 2518 803 harum
2554 762 2758 824 perso-

496 895 707 938 narum
782 871 997 935 divisio
1066 870 1203 954 jure
1277 867 1499 931 Latino
1568 867 1822 930 obtinet.
1919 867 2016 930 Ita
2067 867 2342 930 enimin
2399 867 2613 951 Capite
2663 871 2754 930 22

497 1001 651 1086 legis
724 979 1128 1085 Salpensanae
1200 995 1458 1081 legitur:
1559 994 1736 1074 „Qui
1807 1015 2033 1078 quaeve
2101 1017 2172 1058 ex
2240 994 2352 1058 hac
2416 995 2552 1080 lege
2604 1018 2757 1059 exve

494 1129 694 1193 edicto
758 1125 1132 1210 imperatoris
1206 1123 1476 1187 Caesaris
1543 1121 1806 1208 Augusti
1869 1142 2238 1186 VESPASIANI
2289 1124 2756 1207 imperatorisve

496 1275 625 1320 'rm
675 1253 942 1318 Caesaris
1009 1251 1275 1336 Augusti
1341 1256 1445 1312 aut
1495 1248 1872 1334 imperatoris
1922 1247 2196 1312 Caesaris
2247 1250 2514 1335 Augusti
2561 1271 2756 1314 Dom-

497 1401 673 1448 ‘uam
738 1382 927 1466 patris
992 1379 1221 1465 patriae
1281 1377 1582 1440 civitatem
1633 1375 1966 1438 Romanam
2018 1383 2376 1440 consecutus
2425 1385 2756 1441 consecuta

499 1512 617 1576 erit
648 1511 733 1595 ²),
784 1511 838 1572 is
888 1531 956 1573 ea
1004 1509 1069 1572 in
1119 1509 1287 1592 ejus,
1341 1507 1447 1589 qui
1499 1506 1649 1568 civis
1699 1505 2009 1567 Romanus
2047 1505 2158 1568 hac
2191 1505 2323 1588 lege
2373 1506 2565 1569 factus
2601 1507 2753 1584 erit,

502 1645 835 1724 potestate,
888 1657 1100 1712 manu,
1152 1633 1490 1719 mancipiO,
1556 1633 1731 1696 ouius
1781 1654 1904 1696 esse
1954 1632 2230 1708 deberet,
2280 1633 2330 1695 si
2379 1633 2628 1697 civitate
2665 1633 2755 1719 ³),

641 1885 677 1944 1)
752 1881 865 1930 Vide
918 1893 1107 1936 aaron,
1165 1879 1286 1926 Inst.
1340 1877 1444 1926 Lib.
1496 1877 1522 1925 1
1563 1879 1584 1937 5
1622 1879 1704 1925 49.
1740 1877 1858 1926 Jure
1894 1877 2196 1925 Justinianeo
2231 1878 2463 1926 institutis
2501 1893 2669 1926 manus
2708 1885 2760 1928 et

500 1968 727 2032 mancipii
765 1965 1022 2024 obsoletis,
1060 1979 1288 2028 personae
1326 1962 1480 2010 alieno
1512 1962 1611 2025 juri
1650 1962 1886 2025 subjectae
1923 1979 2086 2010 omues
2123 1967 2258 2011 erant
2291 1963 2340 2011 iu
2381 1967 2617 2028 potestate
2655 1965 2758 2014 sive

498 2053 799 2102 dominorum
835 2052 932 2100 sive
969 2053 1249 2114 parentum3
1291 2048 1395 2095 vide
1430 2047 1552 2094 Inst.
1594 2049 1716 2096 Just.
1754 2047 1860 2095 Lib.
1903 2049 1926 2094 1
1967 2048 2065 2098 Tit.
2103 2051 2130 2098 8
2169 2063 2241 2111 pr.

640 2137 679 2199 ⁸²)
752 2137 954 2185 Prorsus
1008 2133 1135 2182 idem
1182 2133 1241 2180 ad
1298 2133 1425 2180 hunc
1474 2131 1632 2180 locum
1675 2147 1861 2194 quoque
1899 2132 2134 2181 referatur
2170 2134 2297 2196 quod
2333 2149 2476 2198 supra
2513 2135 2572 2183 ad
2611 2140 2762 2199 caput

503 2225 565 2274 23
605 2223 721 2287 legis
758 2221 886 2285 Salp.
925 2220 1088 2268 notavi
1110 2238 1123 2276 ;
1162 2218 1266 2266 vide
1303 2218 1431 2266 Diss.
1468 2234 1515 2281 p.
1556 2217 1652 2265 208
1691 2223 1792 2264 not.
1835 2219 1878 2267 1.

640 2307 679 2370 ³)
750 2309 959 2356 Auctore
994 2315 1246 2352 Mommsen
1286 2317 1449 2350 vocem
1476 2301 1760 2360 „Romana”
1797 2318 1914 2366 quae
1953 2305 2025 2350 est
2061 2303 2110 2350 in
2137 2304 2240 2366 lege
2265 2304 2538 2369 supprim0‚
2581 2305 2759 2370 quippe

498 2409 617 2457 quae
652 2392 782 2440 salva
826 2390 1084 2439 Latinitate
1121 2389 1343 2436 idoneum
1387 2402 1575 2435 sensum
1623 2403 1719 2435 non
1768 2388 2007 2451 praebeat.
2059 2389 2176 2436 Vide
2224 2391 2518 2438 Stadtrecbte
2571 2407 2619 2454 p.
2656 2393 2754 2440 401

496 2481 600 2526 not.
648 2475 709 2527 27
759 2477 807 2524 in
854 2475 962 2523 fine.
1015 2474 1275 2521 Discussa
1324 2487 1462 2528 vero,
1507 2487 1646 2535 quem
1697 2473 1803 2520 vide
1857 2471 1904 2519 in
1963 2475 2212 2522 Commeat.
2247 2475 2380 2523 laud.
2428 2491 2479 2540 p.
2517 2477 2614 2524 692
2653 2483 2755 2524 not·

496 2563 591 2618 48,
648 2558 931 2607 vocabulum
969 2556 1249 2615 „Romana”
1284 2557 1489 2604 retinere
1530 2556 1683 2604 voluit
1729 2556 2038 2620 additumque
2075 2573 2175 2606 esse
2215 2558 2401 2621 putavit
2443 2575 2500 2607 ne
2545 2561 2604 2608 de
2639 2561 2756 2608 civi·

499 2650 599 2695 tate
654 2646 823 2694 Latina
877 2643 1187 2706 cogitaretur.
1246 2644 1418 2691 Zuurr
1456 2658 1643 2705 quoque
1680 2642 1796 2707 legit
1833 2642 1906 2701 „si
1959 2643 2152 2692 civitate
2201 2644 2417 2692 Romana
2466 2645 2608 2703 cet‚’'
2645 2662 2756 2695 cum

497 2746 715 2780 sermone
768 2728 939 2777 Latino
993 2728 1168 2792 optime
1224 2728 1316 2775 dici
1372 2728 1523 2791 possit
1560 2728 1796 2785 ‚,mutari,
1834 2727 1982 2791 quod,
2035 2729 2126 2777 alia
2164 2745 2215 2777 re
2266 2728 2404 2789 data,
2441 2730 2762 2795 accipimu3.”

497 2815 636 2875 (Vide
672 2828 779 2863 eum
814 2814 863 2861 iu
900 2813 1079 2877 Opere:
1118 2813 1251 2861 Stud.
1279 2812 1410 2860 Rom.
1438 2829 1485 2875 p.
1512 2812 1646 2873 298).
1683 2812 2028 2861 Animadverto
2054 2817 2208 2861 tamen
2226 2852 2238 2872 ‚
2275 2814 2366 2861 hoc
2393 2814 2504 2863 loco
2529 2832 2625 2863 nou
2651 2832 2757 2864 mu-

497 2900 597 2949 tari
618 2898 743 2962 quod
770 2897 1057 2962 accipiatur,
1094 2913 1162 2946 sc.
1198 2896 1367 2947 civitas
1406 2897 1642 2955 Romana,
1678 2899 1756 2945 sed
1792 2901 2004 2947 mutatur
2040 2899 2120 2962 qui
2157 2899 2272 2947 civis
2299 2900 2450 2948 factus
2476 2904 2548 2949 est
2572 2916 2637 2950 sc.
2663 2902 2756 2951 La-

496 2984 710 3041 tinitate;
737 2983 864 3048 atqui
890 2983 970 3047 qui
995 2983 1111 3030 civis
1138 2981 1378 3029 Romanus
1403 2982 1483 3039 fit,
1509 2981 1658 3030 latino
1683 2998 1898 3030 sermone
1919 2999 2014 3031 non
2042 2984 2218 3032 dicitur
2239 2986 2412 3033 mutari
2433 2986 2630 3034 civitate
2658 2987 2756 3034 Ro-

495 3086 652 3120 mana.
689 3068 931 3117 Runoarr
949 3082 1133 3131 quoque
1156 3066 1277 3114 idem
1297 3066 1411 3130 legit
1432 3082 1486 3114 ac
1524 3080 1718 3124 zunr'n
1757 3068 1882 3127 (vide
1911 3068 2047 3130 Βίῳ.
2074 3070 2290 3117 Oriticam
2322 3086 2370 3133 p.
2391 3070 2501 3131 26);
2531 3075 2669 3134 putat
2689 3072 2758 3119 ita

490 3169 598 3204 rem
626 3153 963 3218 expediendam
993 3166 1093 3199 esse
1123 3166 1177 3198 ac
1210 3150 1250 3197 si
1285 3154 1394 3198 ante
1431 3151 1682 3214 periodum
1720 3151 1791 3209 „si
1829 3150 2020 3199 civitate
2059 3152 2308 3213 (Romana)
2333 3159 2546 3203 mutatus
2571 3159 2756 3203 mutata

492 3254 590 3287 non
617 3236 771 3285 esset”
797 3237 940 3284 verba
964 3235 1235 3299 legerentur
1260 3249 1317 3282 ex
1343 3234 1558 3298 proxime
1582 3236 1796 3299 sequenti
1825 3236 2044 3299 periodo:
2077 3235 2148 3293 „si
2179 3252 2206 3284 a
2233 3237 2334 3285 cive
2361 3238 2578 3286 Romano
2618 3244 2752 3288 ortus

494 3326 600 3371 orta
638 3321 821 3386 neque'’
859 3324 951 3369 cet.
1008 3319 1154 3369 Nullo
1184 3319 1293 3383 jure
1336 3323 1491 3367 tamen
1529 3319 1612 3367 illa
1651 3321 1792 3367 verba
1831 3325 2144 3385 transponere
2183 3323 2392 3381 videtur,
2433 3340 2541 3371 nam
2579 3329 2748 3387 postea

490 3407 743 3472 apparebit
799 3404 942 3453 verba
995 3404 1191 3453 ultimae
1229 3403 1412 3468 periodi
1449 3403 1508 3451 ad
1545 3404 1696 3452 solam
1733 3404 1956 3453 feminam
1993 3409 2242 3468 spectare,
2281 3408 2358 3455 cui
2393 3409 2570 3457 tutoris
2619 3410 2755 3473 optio

492 3490 809 3547 concedatur;
848 3490 897 3539 in
936 3488 1135 3537 muliere
1174 3488 1249 3537 eui
1286 3489 1461 3536 tutoris
1498 3488 1631 3552 optio
1667 3490 1806 3537 datur
1841 3490 2046 3539 fictionis
2085 3491 2154 3538 vis
2189 3506 2245 3539 ac
2280 3494 2492 3554 potestas
2529 3498 2600 3541 est
2628 3497 2753 3541 uteo

487 3577 599 3640 jure
637 3576 686 3624 in
740 3575 829 3624 hac
879 3590 1021 3623 causa
1059 3574 1121 3621 sit
1157 3574 1326 3622 Latina
1362 3573 1479 3622 civis
1519 3574 1735 3621 Romana
1770 3574 1926 3631 facta,
1964 3590 2057 3637 quo
2095 3575 2220 3622 foret
2256 3575 2292 3623 si
2331 3592 2358 3623 a
2393 3576 2494 3624 eive
2532 3578 2750 3626 Romano

487 3665 591 3711 orta
628 3664 775 3715 esset,
798 3660 907 3724 quia
924 3658 1081 3709 Latini
1098 3658 1219 3721 juris
1240 3674 1331 3705 uon
1361 3662 1432 3707 est
1454 3659 1626 3707 tutoris
1647 3658 1806 3722 op1i03
1836 3659 1960 3709 idem
1985 3662 2142 3708 tamen
2171 3675 2268 3708 non
2293 3660 2482 3710 obtinet
2500 3660 2547 3709 in
2570 3663 2752 3711 Latinis

492 3746 571 3809 qui
598 3744 724 3794 cives
760 3744 965 3793 Romani
1000 3744 1148 3800 fiuut;
1186 3742 1325 3792 huius
1360 3742 1487 3791 enim
1523 3742 1726 3791 fictionis
1765 3744 1835 3792 vis
1874 3747 1944 3791 est
1979 3744 2106 3793 utin
2131 3748 2398 3807 potestate,
2423 3762 2594 3805 manu,
2618 3764 2749 3796 man-

493 3830 618 3894 cipio
640 3832 864 3877 maneant
897 3828 1055 3877 Latini
1089 3828 1215 3877 cives
1250 3827 1364 3877 facti
1400 3827 1527 3883 eius,
1567 3827 1648 3891 qui
1684 3831 1793 3877 aute
1813 3828 2020 3877 civitatis
2042 3828 2351 3877 mutationem
2377 3846 2433 3879 eo
2455 3831 2564 3893 jure
2591 3831 2640 3880 iu
2666 3848 2746 3881 eos

491 3923 604 3964 usus
639 3914 829 3963 fuisset:
865 3930 977 3963 nam
1012 3916 1248 3979 potestas,
1286 3928 1478 3969 manus,
1519 3912 1810 3977 mancipium
1845 3916 1957 3961 suut
1996 3913 2216 3961 instituta
2239 3913 2362 3977 juris
2391 3915 2564 3965 Latini.
2605 3916 2750 3967 Recte

494 4014 679 4064 quoque
706 3998 778 4048 vir
797 4014 927 4047 cons.
948 4011 1113 4049 asana
1136 3996 1193 4045 iis
1219 3997 1296 4060 qni
1324 3996 1608 4045 servandam
1633 4012 1731 4045 esse
1757 3996 1889 4045 illam
1914 4013 2080 4047 vocem
2106 3997 2390 4056 „Romana”
2413 4003 2599 4063 putant,
2625 4002 2752 4065 obje-

494 4085 582 4133 cit:
624 4087 692 4149 (p.
731 4084 925 4141 118.6);
966 4096 1113 4142 »τι-τε
1136 4096 1256 4132 mvn
1290 4086 1339 4131 et
1380 4094 1599 4131 cresson
1625 4082 1848 4131 d'accord
1885 4099 1999 4131 avec
2035 4082 2103 4132 les
2139 4081 2292 4147 regies
2318 4084 2376 4132 de
2397 4083 2442 4133 la
2466 4086 2754 4149 grammaire

494 4169 643 4219 latine
678 4168 919 4235 appellent
954 4168 1161 4217 civitatis
1196 4168 1401 4217 mutatio
1438 4171 1483 4221 la
1505 4168 1653 4216 sortia
1682 4166 1822 4216 d'une
1848 4168 2035 4218 civitas.
2071 4168 2199 4218 Chez
2227 4182 2346 4217 mvn
2387 4173 2436 4218 et
2470 4171 2756 4220 cressonis.

492 4253 661 4303 civitas
696 4255 882 4301 mutata
918 4255 992 4301 est
1025 4253 1143 4301 celle
1178 4252 1289 4302 d’ou
1326 4253 1598 4316 l’emigrant
1633 4256 1760 4311 sort,
1798 4268 1892 4303 non
1919 4252 2036 4302 celle
2067 4252 2127 4302 ou
2165 4254 2199 4302 il
2218 4258 2374 4305 entre.
2408 4253 2557 4304 Notre
2581 4259 2759 4305 auteur

495 4354 555 4388 ne
593 4340 709 4401 peut
747 4354 831 4404 pas
868 4337 985 4387 faire
1022 4338 1080 4387 de
1116 4338 1289 4388 meme:
1330 4337 1363 4386 il
1406 4343 1518 4387 veut
1555 4352 1644 4401 que
1682 4337 1749 4387 les
1793 4338 1984 4387 anciens
2009 4338 2280 4401 magistrats
2301 4337 2569 4404 Salpesiens
2595 4341 2753 4391 soient

486 4424 568 4480 des
622 4423 819 4479 civitate
874 4423 1075 4483 mutati,
1134 4428 1183 4476 et
1234 4439 1295 4476 ue
1348 4426 1463 4491 peut
1515 4424 1786 4489 cependant
1827 4440 1910 4491 pas
1948 4424 2016 4475 les
2054 4423 2168 4474 faire
2202 4426 2353 4475 sarcir
2392 4424 2451 4474 de
2485 4424 2720 4491 Salpensa
2746 4464 2761 4488 ‚

454 4576 477 4601 ἱ
