3027 5263
1560 583 1687 645 110

493 804 716 869 ponere
781 779 962 843 debet
1021 777 1220 854 IIvir,
1271 774 1382 860 qui
1429 774 1680 839 comitia
1730 772 1951 853 habet,
2002 774 2091 837 ita
2141 778 2212 837 ut
2258 774 2334 837 de
2381 773 2565 859 plano
2615 774 2749 859 legi

491 910 760 995 possint,
826 907 900 971 de
963 906 1161 989 iisque
1209 902 1486 967 omnibus
1534 902 1777 965 comitia
1812 900 2031 965 habere
2079 901 2161 983 ¹),
2198 907 2259 965 et
2306 909 2446 986 post
2496 902 2754 967 creatio-

493 1060 636 1101 nem
683 1057 924 1121 prorsus
975 1032 1178 1096 eadem
1232 1031 1589 1093 condicione
1639 1052 1848 1091 omnes
1898 1036 2042 1091 sunt
2081 1029 2152 1113 2).

679 1162 744 1225 Si
797 1158 1107 1224 candidati
1155 1158 1360 1221 idonei
1417 1163 1509 1219 tot
1558 1155 1757 1219 adsint
1810 1163 1959 1239 quot
2008 1156 2397 1239 magistratus
2454 1154 2745 1235 creandi,

490 1288 651 1353 IIvir
699 1288 942 1351 comitia
988 1286 1064 1348 iis
1113 1283 1386 1347 creandis
1437 1281 1655 1347 habere
1704 1287 1921 1365 potest.
1974 1281 2177 1365 Caput
2228 1287 2311 1345 52
2363 1281 2517 1365 legis
2544 1281 2743 1345 Mala-

489 1415 721 1479 citanae
787 1415 961 1477 docet
1025 1412 1295 1475 Hvirurn
1361 1409 1611 1472 comitia
1678 1407 1895 1471 habere
1944 1407 2225 1471 omnibus
2278 1408 2746 1492 magistratibus

487 1554 612 1605 tam
662 1542 876 1605 IIviris
927 1562 1106 1625 quam
1157 1535 1456 1599 aedilibus
1506 1542 1568 1598 et
1616 1534 2045 1617 quaestoribus
2096 1534 2379 1618 rogandis
2418 1543 2479 1597 et
2529 1534 2743 1599 subro-

488 1668 728 1753 gandis,
825 1667 1031 1729 Etiam
1103 1665 1334 1727 Romae
1409 1662 1685 1725 consules
1760 1662 2009 1737 comitia
2058 1662 2409 1725 consulibus
2458 1663 2741 1727 creandis

487 1794 670 1878 vulgo
741 1791 1021 1855 habuisse
1093 1798 1307 1853 notum
1358 1797 1484 1864 est;
1536 1790 1657 1851 imo
1706 1788 1902 1851 minor
1952 1789 2343 1871 magistratus
2395 1812 2464 1853 ea
2514 1789 2743 1855 habere

485 1942 608 1984 non
683 1924 957 2003 poterat,
1008 1916 1151 1999 quia
1201 1915 1394 1998 majus
1447 1915 1769 1998 imperium
1820 1938 1855 1977 a
1906 1914 2137 1977 minore
2186 1916 2383 1999 rogari
2432 1938 2557 1979 non
2610 1924 2742 1981 erat

479 2048 579 2131 jus
601 2046 670 2129 ³).
767 2042 1028 2106 Comitia
1102 2063 1240 2104 vero
1312 2040 1607 2103 aedilibus
1680 2041 2225 2125 quaestor-ibasque
2276 2044 2559 2127 rogandis
2608 2066 2738 2107 non

483 2192 722 2256 semper
770 2168 1046 2234 consules
1100 2166 1381 2230 habuisse
1432 2173 2070 2243 constat3010anN1s
2120 2175 2389 2252 tempore
2439 2180 2643 2232 tamen
2670 2170 2738 2234 id

482 2321 602 2363 usu
653 2298 884 2362 venisse
949 2296 1228 2359 novimus
1257 2294 1326 2376 4).
1426 2293 1624 2357 Etiam
1678 2293 1924 2357 comit-ia
1972 2293 2374 2378 subrogandis
2426 2298 2741 2380 magistra·

480 2424 645 2487 tibus
693 2424 925 2486 IIviros
976 2421 1244 2484 Malacae
1296 2419 1511 2483 habere
1561 2428 1835 2504 oportet3
1887 2422 2126 2503 quoties
2174 2423 2334 2487 enim
2373 2424 2511 2506 quis
2546 2426 2735 2509 magi·

481 2556 674 2613 stratu
748 2548 938 2610 abiret
1003 2553 1140 2609 ante
1206 2547 1492 2611 honorem
1560 2548 1840 2624 finitum,
1894 2570 2079 2630 quam
2130 2548 2427 2613 citissime
2484 2552 2735 2615 comitia

481 2677 771 2742 edicenda
821 2681 989 2738 erant
1040 2680 1109 2736 ut
1157 2673 1221 2738 in
1272 2673 1435 2736 illius
1485 2673 1685 2736 locum
1738 2674 1895 2738 alius
1944 2675 2340 2740 sufficeretur.

669 2801 899 2865 Eodem
973 2800 1112 2878 die,
1188 2808 1260 2862 ut
1330 2807 1576 2884 apparet
1650 2821 1723 2863 ex
1797 2801 1989 2863 verbis
2064 2801 2216 2886 legis
2286 2802 2725 2886 Malacitanae,

481 2929 692 3014 Capite
747 2932 866 2992 54:
915 2927 1182 3004 „deinde
1239 2927 1325 3010 ⁵),
1377 2928 1657 3011 proximo
1709 2949 1952 3011 quoque
2002 2929 2345 3012 tempore3',
2396 2931 2584 2994 IIviri
2632 2955 2729 2996 ae-

477 3056 630 3121 diles
698 3062 1044 3140 quaestores
1117 3055 1389 3118 Malacae
1461 3061 1738 3118 creantur
1755 3082 1771 3131 3
1850 3055 2079 3120 Romae
2143 3055 2501 3140 plerumque
2566 3081 2731 3124 unus

477 3183 610 3247 dies
655 3205 779 3246 non
827 3181 1167 3244 sufficiebat
1214 3180 1496 3244 omnibus
1546 3182 2003 3264 magistratibus
2052 3184 2321 3248 creandis
2370 3184 2456 3248 ita
2498 3193 2571 3248 ut
2606 3207 2732 3250 sae·

477 3308 616 3394 pius
665 3309 891 3372 mentio
941 3308 1048 3370 fiat
1095 3307 1483 3371 comitiorum
1537 3308 1866 3372 dilatorum
1899 3309 1967 3393 ὓ).

664 3433 923 3499 Memini
969 3433 1149 3498 verbo
1200 3457 1295 3499 me
1321 3436 1444 3519 jam
1496 3458 1739 3500 monere
1787 3437 2127 3521 municipes
2176 3436 2447 3500 Malacae
2498 3442 2558 3502 et
2608 3439 2733 3503 Sal-

475 3585 695 3648 pensae
768 3563 836 3626 in
907 3563 1108 3626 curias
1190 3563 1550 3628 distributos
1632 3563 1861 3639 fuisse,
1944 3563 2205 3648 illasque
2287 3564 2551 3628 multum
2628 3588 2733 3651 po-

475 3801 885 3811 w*

614 3967 656 4026 ¹)
731 3967 850 4014 Vide
884 3967 1001 4029 Cap.
1041 3969 1132 4024 51,
1167 3967 1284 4030 ἱερῶν
1320 3968 1440 4016 Mal.
1477 3969 1527 4015 in
1564 3968 1672 4016 fine.

611 4051 650 4110 2)
724 4051 840 4098 Vide
877 4051 990 4114 Cap.
1031 4052 1094 4098 60
1131 4053 1247 4115 leyis
1283 4053 1403 4101 Mul.
1441 4052 1602 4102 initio.

609 4134 647 4196 3)
721 4135 838 4183 Vide
874 4149 1128 4193 ssimum,
1164 4139 1296 4186 Nuce.
1336 4140 1436 4186 Act.
1475 4138 1581 4186 Lib.
1609 4137 1667 4184 13
1688 4173 1701 4194 ,
1727 4137 1841 4201 Cap.
1874 4139 1961 4194 15,
2010 4139 2071 4186 cf.
2098 4149 2334 4186 cresson.
2368 4139 2436 4186 ad
2457 4137 2553 4187 Διί.
2584 4139 2644 4196 9,
2670 4141 2721 4188 9.

605 4217 650 4280 4)
721 4219 792 4266 Cf.
830 4232 1066 4268 cresson.
1113 4220 1160 4267 in
1203 4219 1284 4268 Or.
1313 4237 1409 4282 pro
1447 4221 1667 4279 Plancio,
1704 4222 1820 4285 Cap.
1862 4223 1941 4271 20.

607 4301 648 4364 ⁵)
718 4301 1014 4350 Vocabulum
1053 4303 1292 4361 „deiude”
1327 4305 1477 4368 magis
1515 4305 1575 4352 ad
1612 4305 1828 4353 ordinem
1864 4305 2117 4356 creationis
2154 4311 2367 4369 spectare
2404 4305 2612 4355 videtur.

610 4386 648 4448 θ)
722 4385 840 4434 Vide
875 4399 1082 4445 mvruu,
1122 4387 1226 4436 Lib.
1266 4386 1356 4443 37,
1405 4389 1522 4453 Cap.
1560 4389 1623 4440 47
1638 4411 1651 4448 ;
1688 4389 1792 4439 Lib.
1831 4391 1911 4439 40.
1950 4390 2065 4453 Cap.
2108 4391 2190 4439 59.
2229 4391 2289 4440 cf.
2328 4402 2601 4448 cresson„
2630 4407 2727 4452 pro

477 4471 686 4528 Plancio,
727 4469 840 4533 Cap.
884 4470 964 4518 20.
