3027 5263
1617 565 1700 626 36

547 767 892 837 cesserunt3
943 759 1218 824 substitit
1267 759 1422 822 illud
1475 781 1666 844 usque
1714 759 1792 825 ad
1826 759 2051 825 bellum
2100 762 2430 845 Latinum,
2469 786 2593 851 quo
2624 765 2821 830 finito

546 887 756 953 Latini
808 909 1055 973 prorsus
1103 891 1273 952 erant
1321 886 1617 972 oppressi.

736 1013 894 1078 Cum
937 1014 1160 1078 sensim
1216 1012 1639 1097 paulatimque
1670 1012 1867 1076 Roma
1902 1019 2095 1078 totam
2130 1013 2375 1080 Italiam
2404 1038 2515 1081 suo
2542 1018 2812 1103 imperio

549 1142 870 1226 subjiceret
919 1141 1306 1224 coloniasque
1353 1140 1418 1202 in
1469 1162 1681 1204 omnes
1730 1141 1947 1205 Italiac
1996 1147 2201 1228 partes
2236 1143 2597 1226 deduceret,
2633 1145 2811 1212 hisce

550 1289 1006 1353 nonnumquam
1057 1268 1398 1345 civitatem,
1473 1266 1711 1351 saepius
1759 1273 1961 1332 tamen
2007 1268 2107 1353 jus
2154 1269 2324 1334 dedit
2372 1293 2493 1356 quo
2544 1271 2809 1337 fuerunt

550 1397 695 1460 socii
743 1394 976 1460 Latini.

735 1522 945 1588 Medio
995 1521 1236 1586 saeculo
1283 1521 1538 1606 septimo
1588 1521 1741 1585 socii
1788 1519 1995 1585 Italici
2046 1522 2354 1588 civitatem
2402 1525 2809 1611 postulabant

553 1673 814 1736 suasque
877 1655 1076 1736 partes
1130 1649 1194 1712 in
1267 1648 1581 1734 republica
1654 1646 2151 1712 administranda.
2236 1651 2431 1715 Roma
2494 1660 2805 1737 negante,

552 1805 712 1847 anno
765 1783 848 1843 89
901 1777 1130 1841 bellum
1179 1774 1411 1840 Sociale
1460 1775 1817 1839 indixerunt
1863 1776 2047 1854 socii,
2097 1798 2221 1860 quo
2268 1777 2527 1843 Romani
2561 1803 2625 1844 re
2664 1804 2808 1845 vera

552 1910 630 1974 ad
677 1907 897 1971 incitas
945 1903 1386 1988 redigebantur.
1480 1903 1568 1967 Hi
1618 1909 1821 1966 autem
1876 1925 1997 1987 qua
2046 1903 2374 1970 calliditate
2424 1929 2663 1992 semper
2712 1910 2809 1972 usi

551 2041 696 2101 sunt
743 2032 933 2098 secuti
981 2030 1314 2095 doctrinam
1363 2052 1561 2094 suam:
1612 2030 1879 2108 „Divide
1928 2035 1991 2094 et
2024 2031 2329 2116 impera‚'’
2364 2033 2440 2096 iis
2470 2035 2805 2118 gentibus,

553 2186 708 2251 quae
747 2161 928 2226 fidem
976 2181 1116 2244 erga
1155 2180 1219 2222 se
1254 2162 1635 2222 servaverant
1667 2157 1874 2221 statim
1908 2157 2212 2222 civitatem
2244 2159 2583 2225 Romanam
2616 2161 2809 2227 dona·

551 2293 702 2356 bant
735 2297 794 2354 et
841 2288 1000 2353 bello
1048 2286 1250 2363 finito,
1285 2307 1390 2370 per
1421 2285 1619 2371 legem
1668 2285 1898 2349 Juliam
1949 2285 2233 2350 omnibus
2276 2253 2540 2368 Italicis,
2592 2291 2809 2374 paucis

553 2416 853 2502 exceptis,
902 2413 1206 2477 civitatem
1250 2411 1682 2476 concedebant.
1734 2412 1885 2476 Post
1925 2411 2079 2476 hanc
2110 2412 2307 2498 legem
2329 2463 2346 2492 ,
2392 2435 2579 2498 quam
2618 2417 2809 2501 paulo

555 2550 690 2631 post
739 2547 946 2605 secuta
995 2546 1084 2602 est
1132 2539 1231 2602 lex
1278 2538 1521 2602 Plautia
1571 2539 1850 2624 Papiria,
1902 2539 2051 2604 socii
2101 2539 2310 2605 Latini
2359 2540 2422 2605 in
2454 2541 2641 2608 Italia
2676 2567 2807 2609 esse

555 2672 884 2737 desierunt.
983 2667 1139 2731 Cum
1205 2672 1406 2729 autem
1468 2665 1771 2730 Latinitas
1822 2666 1927 2732 illa
1974 2689 2131 2753 quae
2180 2676 2319 2733 ante
2362 2668 2595 2750 fuerat,
2647 2696 2806 2757 quae

556 2796 916 2863 cohaerebat
948 2816 1084 2858 cum
1121 2800 1284 2858 certa
1316 2793 1589 2877 regione,
1624 2794 1751 2857 sive
1778 2795 1883 2877 jus
1916 2794 2069 2857 illud
2102 2794 2503 2879 populorum,
2542 2798 2803 2862 exstinc-

554 2936 688 2989 tum
730 2929 887 2989 esset
905 2971 923 3000 ,
970 2922 1045 2986 de
1077 2921 1313 2985 foedere
1359 2920 1585 2985 Latino
1634 2943 1757 2985 non
1784 2919 2041 3006 amplius
2075 2944 2269 2986 sermo
2304 2945 2433 2987 esse
2467 2930 2721 3008 poterat.
2754 2926 2796 3010 ¹)

741 3052 858 3115 Jus
904 3049 1070 3114 Latii
1121 3071 1291 3126 vero,
1347 3047 1516 3132 quod
1568 3054 1701 3132 post
1749 3047 1906 3111 hanc
1953 3046 2149 3132 legem
2200 3056 2599 3126 memoratur,
2628 3052 2678 3136 ²)
2716 3060 2802 3116 est

553 3169 748 3227 status
796 3181 1224 3246 personarum,
1277 3159 1370 3221 uti
1419 3180 1493 3221 ex
1544 3178 1698 3221 omo
1748 3166 1810 3221 et
1856 3178 2128 3222 unmaxo
2161 3160 2482 3245 perspicue
2516 3169 2798 3248 apparet3

471 3326 478 3334 ·
553 3289 717 3375 apud
764 3286 904 3351 illos
953 3286 1116 3350 enim
1162 3285 1328 3347 Ictos
1379 3284 1657 3348 videmus
1706 3307 1830 3349 non
1872 3284 2137 3371 amplius
2170 3287 2257 3350 ita
2301 3287 2495 3351 dividi
2531 3289 2800 3353 homines

697 3622 732 3683 ¹)
802 3621 912 3671 Scio
967 3636 1042 3670 me
1087 3622 1276 3670 tantum
1329 3619 1483 3668 obiter
1518 3618 1721 3669 foederis
1756 3619 1919 3669 Latini
1957 3621 2252 3669 mentionem
2286 3621 2481 3681 fecisse3
2519 3623 2710 3673 uberior
2744 3623 2801 3673 de

552 3708 644 3757 hoc
697 3708 980 3772 argumento
1036 3704 1300 3769 disputatio
1370 3704 1577 3754 instituti
1643 3705 1829 3754 ratione
1886 3706 2065 3770 requiri
2119 3722 2216 3755 non
2273 3707 2485 3764 videtui-3
2543 3707 2593 3755 in
2647 3711 2802 3758 animo

553 3795 656 3841 erat
691 3792 940 3841 ostendere
975 3790 1233 3855 aliquando
1270 3789 1436 3839 foedus
1469 3790 1693 3838 Latinum
1729 3790 1991 3849 exstitisse,
2031 3790 2132 3853 jam
2170 3790 2253 3839 diu
2289 3794 2450 3839 tamen
2488 3796 2600 3840 ante
2637 3792 2801 3843 Caesa-

552 3892 661 3925 rum
695 3882 911 3940 tempora
946 3876 1240 3924 exstinctum
1274 3873 1435 3923 fuisse.
1472 3874 1623 3923 Plura
1658 3874 1716 3922 de
1752 3873 1837 3923 illo
1874 3875 2065 3924 foedere
2100 3875 2279 3923 habent
2313 3888 2563 3925 'rm-:suno
2600 3877 2650 3926 in
2677 3879 2800 3928 Dis-5.

552 3977 603 4025 p.
641 3961 859 4009 35-49,
911 3972 1124 4008 wamma.
1155 3959 1205 4007 in
1241 3974 1298 4021 op
1333 3960 1370 4007 I.
1406 3958 1448 4006 Ι.
1483 3973 1535 4022 p.
1575 3958 1804 4017 90—96,
1842 3974 1890 4023 p.
1929 3959 2199 4008 305-310
2236 3958 2407 4022 quibus
2445 3960 2555 4008 addi
2600 3966 2802 4011 meretur

552 4056 753 4094 rucnu
786 4044 839 4091 in
881 4045 966 4106 Op.
1001 4046 1034 4093 l.
1071 4058 1119 4106 p.
1157 4043 1445 4093 232—250.

694 4128 732 4190 ²)
801 4130 873 4177 De
910 4131 1019 4176 ortu
1062 4126 1202 4176 huius
1254 4127 1530 4177 Latinitatis
1582 4127 1785 4176 multum
1839 4128 2135 4192 disputatum
2170 4130 2260 4177 est.
2331 4128 2585 4192 Propriam
2622 4129 2680 4177 de
2714 4130 2798 4179 hac

553 4228 697 4263 causa
731 4212 1015 4261 sententiam
1052 4212 1124 4261 vir
1160 4211 1221 4261 cl.
1259 4225 1310 4262 v,
1347 4225 1573 4260 savroNY
1606 4212 1811 4277 protulit
1847 4214 1914 4274 (in
1954 4211 2370 4261 commentatione
2398 4228 2541 4275 quam
2565 4212 2795 4277 operisuo

562 4298 847 4349 Vermischte·
878 4297 1117 4360 Schriften
1165 4297 1190 4345 Ι
1229 4313 1276 4361 p.
1319 4298 1515 4346 14-28
1553 4297 1773 4359 inseruit)
1808 4312 1950 4361 quam
1986 4297 2151 4363 paucis
2188 4297 2364 4346 referre
2400 4296 2558 4346 liceat.
2629 4299 2686 4346 In
2721 4316 2797 4348 ex-

551 4382 774 4449 plicando
826 4381 921 4431 hoc
974 4382 1076 4445 jure
1131 4382 1408 4446 praesertim
1446 4382 1619 4431 nititur
1655 4382 1761 4431 loco
1798 4394 2066 4431 crcaaoms
2092 4397 2187 4445 pro
2228 4382 2429 4431 Caecina
2465 4382 2581 4446 Cap.
2618 4382 2681 4431 35
2718 4385 2795 4433 ubi

552 4467 699 4518 dicitz
735 4467 900 4526 „Sulla
937 4466 1037 4532 ipse
1074 4466 1142 4515 ita
1177 4466 1291 4515 tulit
1329 4467 1384 4515 de
1423 4467 1615 4516 civitate
1651 4467 1949 4529 (Volaterrae
1988 4483 2055 4516 sc.
2089 4467 2149 4516 dc
2185 4466 2274 4515 hac
2311 4466 2435 4515 enim
2473 4466 2588 4515 urbe
2626 4468 2793 4532 agitur)
