3027 5263
1363 566 1486 629 137

305 760 564 845 conjecit
595 777 797 823 zuMPr
831 757 870 841 ¹)
886 807 904 837 ,
942 756 1377 842 Imperatorem
1411 758 1831 843 magistratum
1860 763 2124 822 creatum
2150 781 2277 823 esse
2304 764 2455 844 puto
2485 759 2550 822 in

303 885 656 972 municipiis
705 905 846 948 cum
895 890 1065 947 tanta
1119 882 1400 968 flagraret
1447 882 1697 948 ambitio
1746 892 1817 948 ut
1848 886 2233 972 magistratus
2262 884 2553 949 ordinarii

303 1019 464 1079 recte
537 1012 720 1076 creari
785 1032 910 1074 non
957 1017 1237 1095 possent3
1296 1018 1628 1097 „suscepto
1677 1013 1907 1076 honore
1955 1014 2391 1097 nominatoque
2438 1033 2548 1096 pro

307 1163 369 1203 se
435 1138 738 1224 praefecto
785 1160 896 1202 sua
944 1137 1307 1201 auctoritate
1383 1139 1597 1203 Caesar
1667 1163 1759 1203 res
1808 1139 2270 1227 componebat.”
2377 1138 2550 1203 Idem

308 1272 518 1332 auctor
568 1265 756 1331 voluit
788 1266 836 1349 2)
923 1264 1358 1349 Imperatorem
1407 1266 1658 1331 solitum
1705 1266 1896 1331 fuisse
1953 1267 2282 1352 praefectos
2332 1266 2551 1350 eligere

306 1414 384 1457 ex
430 1388 856 1457 decurionibus
904 1389 1071 1453 illius
1113 1390 1376 1453 civitatis
1425 1391 1603 1455 cuius
1652 1392 1940 1456 honorem
1990 1399 2222 1477 gereret
2238 1418 2256 1470 3
2310 1395 2547 1476 poterat

306 1544 452 1585 sane
501 1520 566 1584 id
621 1520 844 1597 facere,
901 1541 1040 1583 cum
1101 1541 1236 1583 vero
1291 1518 1394 1583 lex
1449 1519 1818 1605 Salpensana
1876 1520 2226 1585 facultatem
2286 1518 2553 1606 eligendi

305 1648 490 1713 nullis
537 1647 762 1712 finibus
812 1646 1298 1724 circumscribat,
1349 1647 1563 1711 saltem
1606 1648 1759 1731 juris
1808 1670 1933 1713 non
1981 1649 2163 1713 fuisse
2213 1648 2472 1712 videtur.

498 1774 735 1838 Eodem
790 1774 926 1857 jure
997 1773 1191 1837 utitur
1257 1774 1595 1857 praefectus
1672 1796 1741 1838 ac
1813 1774 2033 1844 Caesar
2101 1774 2263 1839 IIvir
2274 1801 2293 1852 3
2360 1773 2553 1859 igitur

297 1904 402 1987 jus
452 1900 630 1980 dicit,
707 1900 950 1964 comitia
1023 1906 1084 1963 et
1135 1904 1414 1983 senatum
1464 1899 1648 1964 habet
1665 1949 1683 1978 ‚
1749 1902 2082 1985 ceterisque
2130 1902 2260 1965 eius
2306 1899 2547 1985 juribus

303 2030 502 2093 utitur
513 2054 533 2105 3
599 2026 971 2111 praefectura
1032 2026 1296 2111 gerenda
1358 2027 1571 2110 procul
1620 2026 1807 2091 dubio
1856 2027 2167 2091 civitatem
2212 2026 2550 2091 Romanam

306 2178 552 2242 quoque
585 2153 1004 2237 consequitur,
1036 2175 1177 2217 nam
1213 2175 1324 2237 per
1355 2154 1607 2218 solitum
1640 2155 1883 2218 honoris
1916 2162 2157 2240 tempus
2190 2155 2553 2239 magistratu

303 2283 584 2369 fungitur
634 2286 872 2365 'neque
943 2279 1132 2365 igitur
1189 2280 1254 2342 in
1327 2302 1468 2343 eum
1540 2279 1701 2345 valet
1757 2281 1911 2344 ratio
1970 2303 2125 2365 quae
2182 2281 2552 2345 contrarium

301 2408 640 2497 postulavit
705 2408 768 2471 in
827 2406 1144 2491 praefectis
1215 2405 1401 2470 IIviri
1435 2407 1506 2491 3).
1608 2406 1887 2471 Dubium
1936 2408 2087 2473 mihi
2134 2414 2337 2471 tamen
2389 2406 2551 2471 vide·

301 2544 408 2601 tur
425 2585 444 2614 ,
510 2557 658 2599 num
731 2533 1069 2617 praefectus
1144 2532 1414 2597 Caesaris
1463 2534 1590 2619 ipse
1640 2535 2005 2619 praefectum
2054 2534 2399 2619 relinquere
2452 2556 2559 2619 po·

299 2664 520 2742 tuerit,
582 2683 722 2726 cum
770 2660 977 2746 regula
1025 2660 1130 2724 illa
1177 2662 1705 2746 „jurisdictionem
1755 2663 2027 2728 mandari
2076 2685 2200 2727 non
2252 2684 2431 2748 posse
2482 2660 2560 2725 ab

301 2805 377 2848 eo
427 2781 536 2868 qui
583 2780 780 2844 alieno
830 2779 1122 2845 beneficio
1171 2803 1303 2845 eam
1345 2780 1635 2846 haberet”
1670 2784 1718 2867 4)
1773 2791 1845 2848 nt
1891 2781 2203 2867 probabile
2236 2790 2364 2861 est,
2406 2803 2560 2866 quo-

301 2931 428 2995 que
500 2907 574 2972 ad
645 2906 1018 2992 praefectum
1085 2907 1362 2972 Caesaris
1410 2913 1723 2992 spectaret.
1828 2909 2027 2993 Caput
2086 2911 2173 2974 25
2224 2908 2380 2994 legis
2429 2907 2557 2971 Sal-

296 3055 643 3122 pensanae‚
719 3040 791 3097 ut
854 3032 1086 3098 indicat
1149 3011 1450 3112 Rubrica,
1524 3035 1825 3099 nonnulla·
1902 3042 2221 3120 praecepta
2286 3033 2559 3099 continet

298 3162 382 3226 de
427 3162 561 3247 jure
609 3159 895 3246 praefecti
945 3160 1054 3244 qui
1103 3185 1138 3224 a
1185 3161 1388 3226 IIviro
1436 3162 1682 3226 relictus
1731 3168 1838 3226 est.

494 3287 790 3352 Praefecti
839 3309 950 3372 pro
999 3287 1205 3351 IIviro
1241 3309 1449 3352 omnes
1483 3289 1733 3354 omnino
1768 3311 1803 3352 a
1833 3288 2049 3352 IIviris
2098 3288 2243 3374 ipsis
2274 3310 2400 3352 non
2448 3287 2558 3352 eli·

296 3414 636 3502 gebantur,
694 3436 796 3478 eos
827 3415 992 3478 enim
1027 3413 1161 3479 volo
1213 3415 1319 3500 qui
1367 3437 1443 3479 ex
1473 3416 1606 3502 lege
1654 3415 1944 3480 Petronia
1991 3416 2201 3480 fierent
2232 3414 2549 3500 praefecti.

293 3541 404 3607 Ex
452 3539 564 3604 hac
609 3539 744 3626 lege
794 3539 1105 3625 eliguntur
1151 3541 1442 3624 praefecti
1489 3543 1556 3606 in
1586 3541 1771 3606 Italia'
1792 3565 1826 3606 a
1850 3547 2122 3626 praetore
2146 3541 2420 3605 Romano
2430 3591 2448 3620 ,
2490 3540 2555 3603 in

294 3667 631 3754 provinciis
679 3691 713 3731 a
760 3667 1228 3752 proconsulibus
1277 3667 1373 3734 vel
1419 3668 1637 3754 legatis
1677 3668 1945 3733 Caesaris
1976 3667 2026 3752 ⁵)
2046 3715 2063 3745 ,
2098 3666 2386 3752 praefecti
2412 3687 2553 3732 vero

454 3966 487 4028 ¹)
557 3965 616 4013 In
657 3967 906 4016 Commeat.
943 3967 1202 4030 Epiqrapk.
1238 3965 1291 4027 1,
1329 3981 1378 4030 p.
1417 3967 1497 4016 59.

451 4051 488 4112 2)
553 4049 617 4099 In
651 4051 742 4099 eod
769 4051 890 4099 libro
923 4067 971 4114 p.
1011 4052 1092 4102 56.

447 4133 484 4196 ³)
553 4135 686 4184 Infra
723 4135 840 4184 haec
875 4137 998 4184 ratio
1035 4137 1249 4200 exposita
1286 4139 1386 4184 est:
1425 4136 1534 4185 vide
1572 4137 1700 4184 Dies.
1739 4151 1786 4199 p.
1827 4135 1939 4185 141.
1978 4135 2036 4183 cf.
2074 4150 2217 4198 supra
2252 4150 2299 4198 p.
2341 4134 2425 4192 51,
2470 4135 2547 4183 52.

442 4219 485 4280 4)
556 4219 630 4268 Cf.
665 4219 759 4283 leg.
797 4222 822 4267 5
863 4221 922 4270 D.
959 4222 1020 4270 de
1040 4222 1376 4284 jurisdictione
1410 4221 1546 4283 (2.1.)

447 4303 486 4367 ⁵)
555 4305 844 4368 Perper-am,
871 4307 924 4354 ut
958 4305 1160 4364 videtur,
1189 4305 1246 4355 de
1271 4305 1521 4370 praefectis
1560 4321 1615 4353 ex
1634 4303 1737 4368 lege
1756 4304 1983 4352 Petronia
2002 4305 2219 4352 statuunt
2251 4315 2549 4352 nunculiam

284 4393 352 4441 in
397 4391 482 4450 Op.
507 4390 542 4438 l.
565 4405 612 4453 p.
640 4389 738 4438 240
763 4392 812 4439 et
844 4402 1089 4449 sacrauit,
1141 4390 1424 4441 Vermisckte
1457 4389 1695 4452 Schrfften
1718 4389 1823 4448 111,
1848 4405 1897 4453 p.
1934 4389 2049 4448 369,
2077 4387 2141 4440 70
2177 4389 2258 4453 qui
2282 4387 2547 4452 praefectos

294 4491 358 4525 ex
397 4474 504 4538 lege
537 4472 763 4524 Petronia
799 4475 942 4524 fuisse
977 4475 1145 4525 dicunt
1179 4475 1486 4540 magistratus
1522 4474 1605 4524 illa
1640 4474 1743 4539 lege
1777 4475 2050 4535 institutos,
2087 4489 2204 4539 quos
2239 4472 2372 4523 adire
2407 4471 2547 4521 ‹lebe-
