3027 5263
1718 671 1760 731 4

805 866 1064 930 Etiamsi
1113 873 1314 930 autem
1364 865 1678 950 Hispanus
1725 864 1943 942 fuerit,
1995 885 2197 928 nonne
2222 865 2466 950 ineptus
2491 867 2585 930 ille
2606 889 2791 934 summ

607 993 742 1076 jure
807 993 1182 1077 judicaretur
1231 992 1338 1078 qui
1387 990 1559 1056 nulla
1615 1013 1720 1076 spe
1768 989 1921 1056 lucri
1969 991 2276 1076 proposita
2328 998 2528 1058 tantos
2571 1003 2794 1082 sumptu

614 1119 896 1183 fecisset?

797 1247 1074 1331 Dignum
1145 1252 1268 1323 est,
1352 1245 1519 1331 quod
1591 1245 2111 1309 animadvertatur
2181 1267 2400 1310 nomen
2475 1247 2776 1314 Domitiani

614 1373 792 1437 cuius
841 1375 1192 1439 memoriam
1242 1379 1380 1458 post
1437 1377 1691 1437 mortem
1744 1373 2088 1436 damnatam
2136 1395 2263 1438 esse
2315 1376 2717 1460 cognovimuS,
2761 1379 2779 1442 i

610 1498 822 1564 tabula
892 1499 1265 1565 Malacitana
1337 1521 1615 1578 erasum,
1692 1499 1754 1562 in
1806 1499 2174 1583 Salpensana
2224 1521 2360 1564 vero
2412 1508 2689 1567 servatum
2734 1480 2802 1568 ds!

605 1627 905 1712 prehendi
945 1627 1006 1712 ¹).
1094 1628 1362 1692 Effectus
1412 1632 1617 1691 autem
1666 1626 2069 1690 damnationis
2118 1648 2256 1691 cum
2306 1628 2429 1692 sint
2477 1637 2601 1694 acta
2643 1631 2800 1716 Imp.

603 1755 817 1819 tatoris
889 1753 1189 1832 revocari,
1269 1774 1610 1837 nomenque
1670 1753 1797 1816 eius
1846 1753 2012 1816 eradi
2062 1775 2136 1816 ex
2186 1754 2425 1838 legibus
2476 1764 2535 1820 et
2579 1759 2780 1823 formul

599 1879 1028 1965 jurisjurandi,
1080 1878 1258 1944 falsas
1307 1901 1433 1943 esse
1481 1879 1647 1964 leges
1679 1879 1741 1943 id
1778 1900 2023 1964 quoque
2058 1881 2110 1943 ei
2146 1889 2500 1966 argumento
2532 1885 2645 1948 fuit
2675 1907 2789 1970 quo

606 2032 830 2073 nomen
878 2008 1225 2073 Domitiani
1275 2009 1624 2073 etiamnunc
1671 2009 1737 2071 in
1787 2007 1994 2072 tabula
2060 2009 2434 2094 Salpensana
2489 2012 2802 2078 inveniatu

609 2137 922 2202 Sufficeret
947 2135 1418 2201 animadvertere
1442 2135 1601 2199 hanc
1634 2134 2090 2220 inscriptionem
2116 2135 2366 2200 unicum
2393 2147 2777 2205 monumentu

609 2287 736 2328 non
763 2286 895 2329 esse
929 2262 1038 2328 ubi
1062 2263 1414 2328 etiamnunc
1438 2262 1774 2348 reperiatur
1800 2284 2021 2326 nomen
2050 2263 2438 2347 Imperatoris
2463 2265 2729 2331 damnati
2761 2269 2789 2306 2

609 2414 853 2456 causam
902 2413 1040 2456 vero
1089 2390 1466 2476 probabilem
1516 2413 1623 2454 cur
1666 2390 1732 2454 in
1767 2388 1974 2455 tabula
2024 2389 2390 2476 Salpensana
2437 2393 2519 2456 sit
2553 2401 2787 2459 servatu

612 2541 708 2583 me
749 2518 955 2603 judice
1004 2524 1166 2583 recte
1213 2517 1509 2583 indicavit
1557 2536 1795 2581 emmo
1830 2516 1899 2599 8).

609 2902 880 2987 ineptam
953 2875 1080 2966 esse
1151 2900 1471 2966 contendit
1518 2900 1585 2963 in
1632 2898 1759 2963 illis
1805 2897 2041 2985 legibus
2091 2922 2246 2984 quae
2294 2900 2357 2963 in
2407 2922 2544 2965 aere
2594 2902 2812 2965 caelat

609 3029 756 3093 sint.
2887 2999 2890 3006 Α

796 3156 938 3237 Quo
1011 3154 1267 3220 consilio
1339 3175 1455 3219 vox
1518 3152 1787 3217 Rubrio-a
1851 3154 1975 3217 sive
2040 3153 2283 3239 signum
2348 3156 2410 3217 R
2481 3155 2551 3218 in
2625 3155 2803 3241 legib
2952 3190 2954 3247 ς

607 3288 997 3369 pergamento
1069 3282 1312 3367 scriptis
1386 3280 1511 3345 sive
1588 3280 1727 3344 aliis
1800 3279 1970 3344 libris
2044 3280 2525 3367 appingebatur?
2627 3285 2725 3349 Ut

606 3410 853 3475 initium
928 3409 1309 3495 singulorum
1381 3408 1652 3493 capitum
1730 3408 2147 3472 attenderetur
2224 3412 2447 3493 [errare
2522 3411 2707 3475 enim

607 3545 794 3624 caput
866 3538 1170 3624 quoddam
1236 3536 1492 3622 incipiat
1551 3542 1613 3600 et
1660 3536 2023 3601 terminetur
2069 3536 2245 3601 facile
2295 3560 2454 3618 esse,
2510 3540 2779 3624 exempl

609 3690 644 3729 a
717 3667 794 3731 cl.
849 3687 1085 3732 GIRAUD
1134 3665 1386 3731 allatum
1442 3664 1761 3751 perspicue
1834 3665 2204 3730 demonstrat
2244 3665 2320 3751 4)]
2342 3715 2360 3744 ,
2427 3665 2623 3731 rubro
2684 3668 2860 3731 cols
2889 3655 2918 3726 ’ξ

753 4044 787 4103 ¹)
857 4044 978 4093 Post
1023 4046 1228 4093 mortem
1263 4044 1573 4109 Imperatoris
1614 4044 1817 4094 Senatus
1851 4044 2108 4095 decernere
2143 4045 2327 4094 solebat
2362 4047 2529 4094 utrum
2569 4045 2727 4093 inter
2773 4045 2834 4094 di
2915 4091 2922 4094 .

605 4129 863 4179 referretur
927 4144 988 4177 an
1053 4128 1361 4179 damnaretur
1412 4129 1517 4178 eins
1558 4129 1805 4179 memoria.
1876 4129 2006 4194 Quid
2067 4129 2164 4179 tale
2228 4129 2471 4180 decretum
2542 4130 2826 4178 continue
2944 4124 2946 4131 '

603 4215 707 4264 fuse
759 4212 980 4278 exposuit
1031 4226 1311 4263 sumemus
1372 4215 1422 4263 in
1473 4216 1656 4264 Domit.
1693 4215 1811 4280 Cap.
1866 4215 1947 4264 23.
2019 4215 2093 4265 cf.
2142 4230 2331 4279 quoque
2368 4228 2412 4265 o.
2448 4228 2491 4263 r.
2532 4228 2894 4266 ,evacuare

603 4298 849 4349 Lebrhueh
872 4300 954 4347 dee
988 4299 1262 4348 Rb'miechen
1298 4300 1495 4358 Rechts,
1534 4300 1808 4363 stuttgardt
1845 4301 1992 4349 1841.
2029 4300 2077 4356 1,
2122 4316 2170 4364 p.
2209 4299 2323 4350 176.
2875 4342 2901 4364 μ
2941 4332 2944 4345 2

743 4383 784 4446 ²)
858 4383 964 4432 vid.
999 4383 1347 4449 Inscriptiones
1398 4383 1595 4434 Latinas
1630 4384 1689 4434 ed
1726 4383 1880 4435 Orelli
1915 4382 1989 4434 n⁰.
2028 4382 2153 4443 767,
2191 4383 2318 4444 770,
2357 4382 2482 4442 774,
2531 4385 2739 4443 1494,
2796 4386 2942 4449 1“ται

607 4471 698 4518 etc.
736 4472 834 4517 etc.
2870 4497 2942 4545 m

743 4550 788 4613 ³)
853 4552 912 4600 In
949 4552 1041 4617 Op.
1082 4551 1115 4602 1.
1151 4569 1197 4618 p.
1235 4552 1316 4605 67.
1749 4552 1791 4613 4)
1865 4553 1924 4601 In
1965 4552 2056 4618 Op.
2109 4552 2141 4601 1.
2178 4570 2225 4617 p.
2265 4554 2345 4602 20.
2873 4547 2943 4683 q

2940 4684 2943 4746 1
