3027 5263
1360 549 1487 612 173

296 745 645 833 gationibus
688 769 838 830 quas
879 746 1038 810 inter
1062 765 1125 810 se
1149 743 1370 831 privati
1400 741 1856 808 contrahebant.
1911 742 2083 807 Dura
2107 747 2308 808 autem
2335 741 2543 829 impri-

293 874 408 938 mis
472 879 596 940 erat
646 881 892 960 propter
940 872 1348 938 exsecutionis
1412 871 1743 948 rationem3
1818 869 2097 957 publicae
2150 869 2541 957 obligationis

291 1002 457 1066 enim
496 1001 547 1064 is
580 1009 705 1065 erat
754 1002 1000 1066 effectus
1046 1008 1151 1078 ut,
1206 999 1579 1086 obligatione
1642 999 1994 1075 commissa,
2051 1021 2144 1063 res
2177 1004 2238 1063 et
2286 1020 2542 1085 persona

302 1127 591 1194 debitoris
643 1128 892 1193 arbitrio
934 1126 1251 1193 creditoris
1296 1133 1493 1192 essent
1535 1126 1828 1205 traditae,
1871 1149 2067 1212 neque
2109 1125 2366 1213 amplius
2417 1132 2542 1191 erat

295 1279 533 1322 necesse
584 1261 652 1319 ut
700 1255 863 1342 apud
892 1255 1129 1340 judices
1188 1261 1398 1320 contra
1444 1253 1773 1318 debitorem
1819 1261 2111 1339 ageretur.
2206 1252 2338 1319 Illis
2404 1277 2542 1320 vero

292 1385 361 1449 in
397 1384 749 1448 memoriam
781 1383 1097 1461 revocatiS,
1126 1405 1281 1467 quae
1314 1404 1495 1468 supra
1530 1381 1603 1446 de
1637 1387 1872 1446 mutata
1904 1382 2136 1446 ratione
2163 1381 2540 1467 publicarum

293 1510 737 1597 obligationum
812 1510 1120 1596 disputata
1186 1515 1369 1586 sunt,
1434 1508 1610 1572 facile
1678 1508 1998 1594 apparebit
2071 1509 2232 1574 hunc
2297 1510 2540 1574 modum

293 1639 697 1703 exsecutionis
758 1646 993 1703 tantum
1051 1638 1115 1702 in
1166 1637 1245 1702 iis
1297 1636 1774 1722 obligationibus
1823 1637 2144 1717 mansisse,
2197 1637 2262 1702 in
2318 1637 2541 1722 quibus

293 1767 560 1832 creditor
608 1773 762 1832 esset
810 1766 1094 1853 populus·

501 1894 720 1980 Itaque
792 1894 855 1958 in
930 1893 1311 1958 debitoribus
1369 1891 1738 1979 reipublicae
1813 1913 2149 1978 eorumque
2220 1891 2543 1979 praedibus

294 2023 435 2090 talis
486 2021 790 2086 exsecutio
836 2020 1176 2086 diutissime
1214 2021 1279 2084 in
1322 2044 1487 2085 more
1539 2021 1675 2085 fuit.
1774 2020 2008 2106 Operae
2041 2027 2239 2086 tamen
2278 2020 2540 2107 pretium

294 2156 387 2216 est
446 2148 921 2214 animadvertere
986 2171 1110 2212 non
1157 2154 1399 2214 tantum
1465 2148 1656 2234 legem
1733 2148 2161 2214 Malacitanam
2233 2149 2362 2233 (ubi
2409 2149 2544 2214 fuse

295 2279 371 2342 de
446 2276 736 2364 praedum
818 2277 1166 2342 venditione
1240 2277 1500 2362 agitur),
1575 2275 1682 2340 sed
1731 2276 1928 2340 fontes
1989 2276 2240 2340 omnino
2299 2299 2542 2362 prorsus

297 2415 495 2471 tacere
561 2405 636 2468 de
685 2405 1066 2469 exsecutione
1116 2402 1407 2468 debitoris
1488 2403 1864 2490 principalis,
1978 2404 2132 2469 Inde
2195 2423 2538 2487 MOMMSEN,

299 2533 551 2620 opinor,
620 2531 813 2596 effecit
886 2529 1217 2596 debitorem
1284 2530 1680 2616 principalem
1747 2530 2083 2618 obligatum
2149 2554 2269 2596 non
2322 2532 2544 2612 fuisse;

298 2661 406 2727 sed
472 2661 627 2725 hanc
692 2666 850 2725 certe
924 2682 1166 2725 causam
1214 2682 1337 2725 non
1388 2660 1571 2725 fuisse
1639 2661 1783 2725 satis
1831 2660 2240 2725 demonstravi
2256 2688 2274 2741 3
2344 2662 2548 2747 potius

299 2812 465 2855 more
539 2788 864 2854 invaluisse
930 2788 1255 2854 dicendum
1332 2794 1420 2853 est
1486 2796 1557 2852 ut
1630 2788 1867 2853 debitor
1914 2812 2036 2853 non
2088 2791 2544 2870 conveniretur,

300 2918 406 2983 sed
455 2916 701 3004 praedes
750 2918 949 2981 statim
1004 2916 1297 2981 venirent.
1369 2916 1591 3001 Neque
1639 2916 1755 2981 hoc
1789 2923 2099 3003 tantopere
2132 2917 2411 3003 iniquum
2461 2917 2547 2982 vi·

300 3046 541 3124 deatur3
574 3067 817 3109 causam
856 3043 1228 3127 probabilem
1265 3044 1518 3109 fortasse
1552 3044 1845 3109 indicavit
1877 3064 2125 3122 mvma,
2163 3045 2270 3129 qui
2307 3046 2546 3111 monuit

296 3174 656 3263 publicanos
730 3174 1049 3238 societates
1114 3172 1355 3252 iniisse,
1424 3196 1618 3238 unum
1685 3196 1758 3238 ex
1831 3173 2007 3238 sociis
2070 3172 2311 3239 solitum
2364 3174 2548 3240 fuisse

297 3303 625 3382 redimere,
697 3308 923 3366 ceteros
987 3302 1115 3365 eius
1180 3301 1427 3387 praedes
1484 3301 1672 3366 fuisse
1715 3302 1776 3387 ¹).
1893 3301 2152 3367 Actione
2211 3324 2321 3389 pro
2386 3302 2548 3368 socio

299 3430 589 3496 damnum
644 3430 804 3494 inter
851 3453 913 3495 se
963 3452 1294 3515 exaequare
1343 3437 1642 3517 poterant.

488 3558 672 3623 Plura
706 3558 779 3623 de
813 3558 1201 3623 exsecutione
1240 3560 1530 3641 praedam
1567 3582 1638 3623 ex
1673 3557 1942 3623 fontibus
1975 3579 2340 3647 cognoscere
2375 3560 2547 3639 licet,

302 3709 457 3773 quae
505 3684 733 3772 ubique
785 3693 1033 3751 vocatur
1100 3686 1431 3773 „praedum
1485 3686 1990 3773 praediorumque
2038 3687 2366 3753 venditio'’.
2463 3689 2551 3753 Ut

302 3837 378 3879 ex
427 3812 702 3900 pluribus
734 3816 785 3899 2)
837 3820 1049 3879 testem
1088 3814 1326 3879 afferam
1363 3814 1556 3901 legem
1595 3815 2020 3880 Malacitanam
2058 3816 2123 3879 in
2173 3815 2386 3902 Capite
2423 3819 2547 3881 64:

304 3943 594 4027 „Eosque
674 3942 923 4029 praedes
972 3965 1161 4029 eaque
1229 3942 1470 4029 praedia
1537 3966 1761 4029 eosque
1827 3944 2213 4029 cognitoreS,
2280 3944 2332 4008 si
2397 3944 2547 4030 quid

302 4092 543 4147 eorum,
590 4068 653 4135 in
691 4092 845 4156 quae
896 4070 1242 4157 cognitores
1278 4071 1422 4136 facti
1470 4080 1678 4150 erunt,
1714 4072 1798 4136 ita
1834 4094 1954 4137 non
1990 4073 2130 4153 erit,
2184 4072 2291 4158 qui
2323 4095 2550 4159 quaeve

446 4308 479 4368 1)
556 4306 668 4357 vide
706 4314 832 4357 auct.
869 4308 919 4357 in
961 4311 1043 4372 Op.
1082 4309 1114 4359 l.
1153 4325 1199 4373 p.
1238 4309 1301 4359 98
1342 4313 1389 4359 et
1423 4310 1504 4359 99.

442 4392 482 4453 2)
556 4392 672 4442 Vide
709 4406 1033 4451 cremonen,
1072 4409 1115 4444 v.
1154 4410 1199 4457 g.
1234 4393 1285 4442 in
1316 4396 1396 4445 Or.
1434 4398 1600 4443 contra
1637 4396 1818 4444 Verrem
1858 4396 1902 4445 2.
1932 4395 1978 4447 1.
2025 4395 2142 4462 Cap.
2172 4396 2253 4448 54.
2277 4395 2336 4446 cf.
2363 4409 2549 4463 quoque

296 4478 561 4532 Rubricam
600 4481 646 4528 et
690 4484 1023 4545 argumentum
1062 4479 1243 4545 Capitis
1282 4480 1343 4529 65
1381 4481 1495 4546 quie
1535 4481 1711 4533 Malae.
