3027 5263
1696 564 1824 623 124

637 753 787 840 legis
810 754 1034 839 placito
1066 755 1360 841 neglecto,
1391 754 1635 819 comitia
1664 753 2029 817 turbassent.
2089 750 2352 817 Cavetur
2386 753 2649 817 enimin
2678 753 2875 839 Capite

641 882 726 943 58
776 880 962 965 legis:
1061 881 1236 963 „Qui
1295 882 1468 946 aliter
1532 881 1817 946 adversus
1866 903 1935 945 ea
1983 880 2195 945 fecerit
2244 880 2441 945 sciens
2492 880 2637 945 dolo
2688 882 2873 959 melu,

638 1006 690 1069 is
738 1007 802 1070 in
852 1030 944 1071 res
975 1009 1246 1095 singulas
1279 1010 1621 1074 sestertium
1652 1008 1859 1074 decem
1894 1006 2082 1071 millia
2115 1007 2529 1093 municipibus
2563 1008 2875 1093 municipii

638 1133 833 1200 Flavii
894 1137 1248 1202 Malacitani
1313 1138 1456 1203 dare
1505 1137 1754 1201 damnas
1802 1134 1992 1200 est0.”
2087 1156 2396 1200 MOMMSEN
2442 1135 2589 1200 licet
2642 1137 2714 1200 in
2758 1135 2874 1221 lege

637 1260 713 1325 de
771 1262 912 1326 dolo
974 1263 1132 1328 malo
1195 1270 1438 1329 tantum
1508 1286 1702 1328 sermo
1752 1264 1871 1339 sit,
1938 1261 2147 1327 eadem
2203 1286 2401 1347 poena
2457 1264 2871 1348 magistratum

638 1389 798 1455 affici
844 1398 1022 1476 putat
1068 1393 1175 1477 qui
1221 1391 1597 1478 negligenter
1646 1392 1711 1454 in
1761 1390 2019 1455 comitiis
2054 1390 2351 1455 habendis
2386 1397 2659 1455 versatus
2694 1392 2773 1455 sit
2811 1392 2869 1474 ¹).

643 1517 778 1583 Hoc
841 1520 892 1583 si
958 1542 1166 1585 verum
1233 1521 1316 1585 sit
1379 1520 1456 1585 ad
1504 1518 1743 1605 culpam
1792 1540 1938 1593 sane
1983 1518 2169 1581 latam
2218 1541 2479 1603 poenam
2526 1519 2869 1603 restringere

641 1653 895 1731 oportet.

827 1774 1093 1839 Multam
1155 1776 1326 1840 illam
1396 1777 1507 1855 „in
1577 1798 1671 1840 res
1735 1773 2039 1860 singulas'’
2103 1774 2335 1839 solvere
2392 1774 2572 1839 debet
2652 1777 2707 1839 is
2776 1776 2866 1859 qui

641 1900 888 1964 comitia
949 1900 1252 1978 turbavit3
1318 1923 1442 1965 non
1490 1901 1718 1965 sufficit
1774 1902 1938 1967 enim
1994 1902 2047 1965 si
2104 1901 2414 1986 complura
2470 1902 2613 1985 quis
2680 1902 2867 1966 fecerit

641 2030 718 2093 ad
764 2029 1100 2095 dirimenda
1165 2030 1445 2108 comitia,
1497 2035 1571 2094 ut
1642 2031 1827 2095 semel
1892 2030 2086 2094 solvat
2153 2029 2321 2094 illam
2370 2052 2715 2111 summam,
2779 2029 2866 2093 sed

640 2163 884 2243 propter
931 2160 1172 2245 singula
1219 2158 1324 2223 illa
1372 2159 1531 2224 facta
1579 2164 1709 2223 tota
1758 2181 1993 2223 summa
2042 2158 2331 2223 solvenda
2379 2164 2489 2223 est.

827 2288 1155 2353 Mommsen
1225 2288 1380 2353 hanc
1453 2285 1782 2351 clausulam
1848 2284 2162 2370 poenalem
2224 2286 2344 2348 niti
2408 2290 2585 2369 putat
2620 2286 2671 2370 2)
2741 2285 2863 2349 Scto

639 2414 847 2499 aliquo
895 2416 1058 2499 quod
1106 2416 1300 2502 legem
1348 2415 1388 2479 J
1394 2414 1583 2479 uliam
1632 2413 1707 2477 de
1756 2413 1989 2477 ambitu
2040 2414 2115 2477 ad
2158 2413 2497 2498 municipia
2530 2412 2865 2477 extenderit.

639 2541 812 2605 Licet
883 2564 1088 2605 verum
1161 2544 1246 2607 sit
1315 2541 1512 2627 legem
1584 2541 1624 2605 J
1628 2541 1846 2620 uliam,
1912 2563 2066 2626 quae
2114 2561 2457 2605 MonEs'rmr
2503 2546 2769 2627 tempore
2812 2540 2867 2603 in

641 2669 791 2733 urbe
840 2675 1170 2734 cessaverat
1205 2669 1275 2754 ³),
1326 2671 1468 2735 Scto
1520 2670 1596 2733 ad
1646 2670 1983 2755 municipia
2031 2692 2154 2733 esse
2202 2668 2599 2753 productam,
2670 2671 2753 2733 ita
2808 2673 2865 2732 ut

641 2819 836 2882 poena
886 2821 960 2862 ex
992 2791 1134 2862 Scto
1169 2798 1549 2864 afficerentur
1606 2800 1715 2883 qui
1765 2807 1973 2862 contra
2006 2799 2203 2883 legem
2239 2797 2279 2861 J
2282 2796 2468 2861 uliam
2504 2801 2861 2883 peccassent,

641 2923 748 2988 illo
812 2931 1014 2990 tamen
1065 2927 1205 2991 Scto
1262 2928 1380 2991 niti
1427 2926 1719 3012 placitum
1766 2924 1921 3010 legis
1970 2925 2118 2989 Mal.
2182 2947 2307 2988 non
2350 2926 2715 3009 putaverim.
2760 2924 2869 2988 Lex

641 3053 684 3118 J
687 3054 808 3118 ulia
841 3055 1002 3118 enim
1036 3078 1249 3120 causae
1281 3055 1547 3141 prospici
1580 3061 1852 3138 tprorsus
1888 3052 2157 3116 diversae
2191 3052 2264 3116 ab
2300 3051 2441 3130 illa,
2479 3075 2639 3137 quae
2670 3054 2733 3116 in
2758 3053 2867 3134 lege

641 3181 795 3244 Mal.
845 3183 1044 3266 agitur
1059 3209 1076 3261 3
1149 3197 1291 3246 nam
1337 3182 1617 3246 novimus
1664 3181 1877 3244 Sctum
1932 3178 2087 3244 illud
2137 3201 2397 3265 poenam
2446 3183 2774 3246 sancivisse
2814 3177 2869 3239 in

643 3307 818 3370 illum
907 3310 1012 3392 qui
1101 3316 1307 3375 contra
1393 3310 1591 3396 legem
1676 3307 1907 3399 Juliam
1988 3329 2051 3370 se
2124 3306 2514 3371 candidatum
2583 3308 2866 3392 professus

647 3442 832 3516 esset3
884 3435 1074 3522 igitur
1122 3437 1219 3500 lex
1267 3437 1433 3500 Julia
1467 3437 1717 3501 modum
1766 3435 2083 3521 petitionis
2131 3435 2580 3520 praescripsisse
2634 3434 2864 3499 videtur.

647 3563 822 3646 Quae
887 3587 1026 3628 cum
1072 3564 1160 3629 ita
1208 3564 1364 3643 sint,
1429 3565 1616 3628 huius
1668 3564 1817 3649 legis
1866 3562 2157 3649 placitum
2206 3560 2283 3625 ad
2332 3583 2575 3626 causam
2626 3565 2871 3626 nostram

643 3693 965 3757 transferre
1011 3714 1136 3757 non
1183 3691 1396 3756 audeo.

832 3820 1102 3885 IIvirum
1183 3819 1456 3885 Malacae
1532 3817 1779 3882 comitia
1842 3815 2064 3880 habere
2137 3814 2441 3893 vidimuS,
2514 3836 2719 3899 neque
2785 3808 2871 3874 alii

647 3947 1026 4031 magistratui
1072 3948 1189 4012 hoc
1219 3947 1404 4010 licere
1439 3944 1722 4031 apparuit
1738 3968 1757 4021 3
1808 3943 1973 4008 idem
2005 3942 2332 4007 dicendum
2365 3947 2453 4006 est
2487 3941 2563 4005 de
2598 3941 2873 4026 potestate

793 4233 832 4294 ¹)
897 4233 956 4284 In
993 4233 1170 4299 Opere:
1211 4235 1511 4285 Stadtreokte
1546 4250 1593 4299 p.
1630 4233 1748 4282 424.

791 4318 828 4378 ²)
898 4319 959 4368 In
995 4320 1153 4385 Opere
1187 4321 1482 4371 Stadtreckte
1515 4337 1564 4386 p.
1601 4319 1716 4369 422.
1755 4320 1841 4367 not
1877 4315 1939 4368 87
1957 4335 1972 4376 ς
2006 4316 2135 4366 idem
2172 4315 2418 4366 contendit
2454 4326 2642 4365 nonore
2679 4313 2727 4362 in
2754 4306 2871 4371 Opd.

649 4421 697 4469 p.
733 4401 798 4454 79
836 4407 922 4453 not
959 4405 1008 4455 2.

789 4488 828 4554 ³)
899 4489 1018 4540 Vide
1055 4489 1146 4555 leg.
1185 4507 1266 4542 un.
1303 4491 1369 4542 D.
1409 4492 1468 4540 de
1501 4491 1605 4556 leqe
1638 4491 1735 4542 Iul.
1776 4490 1891 4540 amb.
1930 4489 2133 4552 (48.14).
