3027 5263
1633 585 1714 646 14

735 779 855 844 Vix
915 779 1124 866 negari
1187 800 1363 864 posse
1427 776 1667 842 videtur
1716 777 2043 842 admodum
2091 776 2403 844 difficilem
2450 801 2580 845 esse
2630 781 2793 846 hanc

546 907 996 994 quaestionem,
1063 928 1248 992 quam
1295 905 1441 970 inde
1489 911 1683 969 ortam
1730 927 1858 970 esse
1908 905 2331 971 difficultatem
2379 913 2567 993 put0‚
2621 909 2791 993 quod

543 1036 900 1120 plerumque
961 1033 1069 1098 ubi
1125 1032 1288 1118 apud
1337 1039 1565 1097 veteres
1613 1039 2010 1109 memoratur,
2060 1054 2182 1118 quo
2230 1034 2362 1098 iure
2410 1033 2555 1098 urbs
2606 1057 2788 1119 quae·

544 1163 714 1248 piam
759 1160 961 1246 gavisa
1010 1159 1232 1238 fuerit,
1283 1159 1350 1223 id
1399 1159 1582 1224 verbo
1631 1164 1872 1224 tantum
1918 1160 2048 1224 fieri
2097 1160 2321 1241 soleat,
2375 1161 2645 1247 quidque
2677 1162 2790 1228 illo

538 1291 673 1376 jure
723 1289 1132 1366 contineatur,
1182 1309 1308 1352 non
1356 1287 1715 1372 explicetur.

731 1417 1050 1480 Praeterea
1095 1420 1372 1479 auctores
1421 1415 1530 1499 qui
1579 1413 1858 1478 consulto
1907 1414 2373 1500 explicationem
2416 1417 2567 1502 juris
2604 1419 2792 1483 susci-

544 1543 723 1628 piunt
770 1543 1012 1607 illarum
1067 1542 1378 1606 civitatum
1436 1563 1591 1625 quae
1641 1541 1976 1626 municipia
2026 1548 2318 1607 vocantur
2374 1566 2499 1608 non
2554 1567 2793 1632 semper

543 1670 815 1734 assentiri
863 1670 1148 1734 videntur
1209 1669 1274 1733 in
1325 1668 1667 1732 definiendo
1714 1669 1823 1733 illo
1876 1671 2007 1754 jure
2026 1696 2043 1748 3
2096 1693 2273 1735 causa
2322 1671 2509 1736 huius
2557 1673 2645 1738 rei
2692 1679 2788 1738 est

544 1796 710 1883 quod
757 1795 1026 1860 diversae
1088 1794 1227 1858 illae
1289 1793 1677 1860 definitiones
1742 1795 1821 1860 ad
1887 1795 2120 1861 diversa
2170 1804 2443 1884 spectent
2490 1805 2788 1886 tempora.

540 1923 888 1990 Difficultas
938 1922 1362 2008 explicationis
1412 1927 1652 2000 autem,
1702 1945 1887 2008 quam
1947 1945 2128 2009 supra
2170 1926 2297 2010 jam
2345 1926 2557 2014 tetigi,
2606 1950 2790 2014 auge-

539 2059 642 2116 tur
686 2057 823 2116 tum
870 2073 979 2129 eo,
1029 2049 1196 2135 quod
1243 2055 1474 2115 veteres
1525 2054 1817 2128 aetatem,
1866 2072 2049 2135 quam
2098 2051 2485 2132 describunt,
2535 2077 2661 2120 non
2695 2057 2789 2120 in-

541 2179 782 2257 dicant,
849 2184 981 2241 tum
1046 2199 1155 2255 eo,
1222 2176 1387 2261 quod
1435 2177 1801 2242 recentiores
1848 2177 1971 2243 fere
2030 2201 2265 2264 semper
2312 2181 2388 2244 de
2435 2180 2787 2268 interpreta-

538 2307 706 2371 tione
779 2311 1052 2369 veterum
1125 2303 1539 2383 dissentiunt,
1607 2310 1976 2390 quapropter
2038 2304 2219 2390 longe
2289 2308 2588 2393 optimum
2663 2333 2787 2375 esse

538 2434 688 2500 duxi
738 2433 889 2518 ipsis
937 2437 1179 2496 tantum
1228 2430 1504 2495 fontibus
1554 2431 2028 2516 disputationem
2088 2455 2283 2499 meam
2342 2442 2750 2521 superstruere
2768 2464 2786 2516 3

539 2561 644 2627 hic
691 2560 821 2626 illic
885 2566 1088 2624 tamen
1153 2558 1349 2623 varias
1413 2559 1821 2624 recentiorum
1888 2561 2203 2647 opiniones
2271 2563 2600 2651 attingere,
2659 2565 2786 2630 imo

538 2710 1002 2773 nonnumquam
1048 2685 1299 2751 laudare
1350 2686 1442 2751 vel
1492 2688 1928 2772 reprehendere
1975 2688 2201 2753 licebit.

681 2806 684 2811 ¹
724 2817 868 2903 Ipsa
915 2837 1032 2880 vox
1080 2814 1569 2901 „municipium”
1602 2816 1726 2880 sive
1758 2816 1963 2902 potius
1996 2816 2394 2903 „municeps”
2435 2819 2600 2903 (nam
2653 2842 2783 2885 mu·

537 2944 838 3031 nicipium
886 2944 1308 3009 deducendum
1357 2965 1485 3008 esse
1554 2967 1589 3007 a
1654 2942 2052 3029 „municeps”
2101 2966 2194 3008 res
2243 2945 2376 3030 ipsa
2424 2946 2623 3031 docet)
2676 2947 2783 3011 du·

536 3072 699 3137 citur
746 3096 782 3136 a
829 3094 974 3137 voce
1023 3070 1321 3150 „munia”
1371 3069 1718 3150 „munus”‚
1772 3072 1934 3155 quod
1986 3094 2139 3136 onus
2190 3073 2315 3137 sive
2365 3074 2630 3139 officium
2664 3075 2781 3161 sig-

536 3200 748 3263 nificat
783 3197 868 3282 ¹),
920 3203 982 3263 et
1030 3195 1359 3282 „capere”;
1410 3219 1593 3281 quam
1643 3198 1807 3262 vocis
1856 3198 2323 3284 explicationem
2364 3224 2565 3266 veram
2616 3224 2780 3282 esse,

537 3326 682 3390 licet
745 3324 1062 3390 dissentiat
1107 3345 1334 3389 nnssots
1360 3324 1444 3409 2),
1505 3325 1785 3411 ipsorum
1835 3332 2104 3392 veterum
2153 3332 2467 3393 auctorum
2515 3330 2784 3395 testimo·

537 3452 642 3517 nia
715 3453 862 3517 satis
933 3451 1195 3538 probant
1230 3452 1301 3537 ³).
1401 3453 1820 3539 Etymologice
1893 3455 2085 3541 igitur
2156 3478 2301 3521 voce
2376 3456 2784 3544 „municeps”

539 3580 893 3667 designatur
940 3578 1047 3645 ille
1095 3580 1203 3665 qui
1251 3602 1432 3645 onera
1479 3581 1603 3645 sive
1652 3580 1851 3646 officia.
1882 3588 2222 3662 sustentat,
2266 3606 2450 3669 quam
2474 3585 2785 3650 notionem

681 3984 717 4046 ¹)
788 3984 894 4034 vid.
920 3984 953 4033 1.
990 3984 1088 4033 239
1125 3986 1148 4046 ς
1184 3986 1213 4034 3
1249 3985 1310 4035 D.
1347 3986 1408 4035 de
1451 3986 1565 4035 Verb
1600 3986 1710 4051 δέρη
1746 3987 1932 4050 (50.16)
1970 3987 2002 4036 1.
2043 3988 2068 4035 1
2103 3988 2178 4047 §l
2207 3988 2268 4037 D.
2296 3988 2604 4051 admunicip.
2628 3988 2784 4051 (50.1)

537 4068 742 4118 addatur
776 4082 922 4119 raon.
960 4082 1096 4119 nuo.
1131 4075 1348 4133 excerpta
1382 4071 1486 4121 Lib.
1530 4072 1589 4120 12
1614 4072 1693 4119 ed.
1725 4076 1931 4121 militnm
1966 4088 2015 4137 p.
2054 4073 2168 4121 140.

678 4153 718 4216 2)
785 4153 845 4202 In
881 4154 1063 4218 Operez
1113 4155 1250 4204 Essai
1281 4170 1367 4203 sur
1399 4157 1470 4204 les
1503 4155 1758 4217 municipes
1790 4157 1911 4205 dam
1948 4158 1993 4206 le
2028 4157 2175 4207 Droit
2208 4156 2436 4217 Romaiu,
2472 4157 2609 4206 Paris
2635 4158 2783 4217 1862,

538 4254 587 4305 p.
627 4239 713 4297 11,
753 4242 840 4287 not
877 4242 923 4288 5.

679 4322 718 4386 3)
788 4324 863 4374 Cf.
898 4336 1093 4373 nerum
1142 4324 1190 4373 in
1227 4324 1352 4375 libro
1387 4326 1446 4375 de
1509 4327 1754 4376 Verborum
1806 4326 2156 4392 Siqng'ficatione
2203 4327 2261 4376 ed
2297 4330 2533 4384 usinum,
2570 4342 2619 4390 p.
2660 4327 2784 4387 142,

539 4408 644 4457 sub.
680 4423 796 4458 voce
831 4409 1146 4474 municipium
1200 4411 1250 4458 in
1303 4411 1485 4460 νει-δίει
1540 4412 1803 4478 municipes
1860 4412 2030 4477 quibus
2072 4428 2169 4461 non
2224 4412 2401 4462 licebat
2452 4412 2784 4477 magistratum

537 4508 708 4558 capere
742 4494 825 4545 sed
860 4498 1047 4545 tantum
1082 4495 1293 4545 muneris
1336 4500 1538 4561 partem.
