3027 5263
1305 554 1434 616 163

248 747 592 836 publicanis
641 748 747 835 qui
798 748 1088 835 praedae,
1141 746 1416 832 praedia,
1469 746 1816 833 cognitores
1858 748 2105 813 mercati
2152 748 2275 813 sint
2308 750 2381 814 de
2410 748 2490 813 iis

249 878 417 941 rebus
465 898 668 961 agere,
729 897 937 960 easque
985 896 1078 938 res
1127 880 1330 960 petere
1380 875 1660 959 persequi
1711 875 2101 961 permittitur.
2198 877 2494 963 Tempore

249 1004 440 1089 igitur
519 1023 857 1067 DOMITIANI
912 1002 1072 1067 bona
1137 1008 1376 1067 tantum
1445 1002 1733 1067 debitoris
1797 1009 1857 1067 et
1922 1004 2158 1088 praedis
2226 1004 2491 1091 obligata

249 1140 394 1195 sunt
412 1156 432 1210 3
484 1132 632 1197 baec
696 1132 990 1217 obligatio
1056 1139 1258 1207 tamen
1325 1131 1517 1195 omnia
1566 1152 1772 1195 eorum
1825 1130 1983 1195 bona
2031 1130 2496 1219 complectitur,

249 1260 448 1343 quod,
497 1261 616 1323 nisi
664 1260 760 1323 lex
809 1224 1176 1323 Malacitzina
1225 1262 1683 1338 testata'esset‚
1735 1257 1836 1322 lex
1884 1260 2115 1344 agraria
2157 1260 2493 1339 docuisset,

251 1387 357 1451 ubi
423 1387 678 1473 legitur:
751 1410 1078 1471 „manceps
1128 1387 1439 1473 praevides
1488 1386 1731 1473 praedia
1780 1387 1958 1451 soluti
2017 1396 2197 1452 sunto
2216 1387 2276 1465 ,'’
2335 1389 2497 1454 unde

249 1522 500 1601 apparet
565 1538 772 1579 omnes
822 1516 928 1599 qui
978 1537 1040 1579 se
1110 1513 1478 1600 obligassent
1534 1514 1939 1601 reipublicae,
1991 1516 2109 1580 alio
2161 1516 2342 1581 modo
2394 1516 2496 1581 ob-

247 1618 467 1728 stringi
521 1666 644 1706 nou
695 1644 961 1729 potuisse
998 1644 1064 1727 ¹).

440 1772 652 1853 Qualis
704 1794 838 1836 vero
888 1778 982 1835 est
1031 1771 1326 1857 obligatio
1375 1770 1613 1856 praedis
1660 1770 1785 1834 sive
1830 1772 1961 1834 eius
2011 1772 2095 1835 rei
2128 1770 2495 1835 familiaris?

439 1901 779 1964 BAcnomz
813 1902 860 1984 2)
925 1900 1138 1963 statuit
1203 1898 1408 1965 omnia
1458 1899 1615 1963 bona
1678 1898 1970 1983 praedum
2031 1899 2163 1984 jure
2228 1899 2497 1985 pignoris

246 2029 517 2114 obligata
567 2052 710 2092 esse.
752 2029 1087 2113 *Nusquam
1137 2035 1341 2093 tamen
1391 2034 1643 2114 apparet
1676 2051 1747 2091 ex
1782 2026 2053 2091 fontibus
2082 2028 2181 2113 jus
2226 2029 2495 2114 pignoris

247 2157 472 2221 diserte
509 2158 911 2221 constitutum
949 2158 1134 2221 fuisse
1169 2157 1232 2220 in
1267 2156 1446 2219 bonis
1478 2155 1769 2241 praedum
1790 2204 1807 2233 ‚
1844 2177 2039 2240 neque
2072 2178 2145 2219 ex
2179 2156 2497 2221 verborum

245 2284 624 2370 obligatione
699 2285 923 2371 pignus
990 2284 1199 2348 oritur.
1299 2284 1530 2347 men
1580 2304 1819 2367 quoque
1882 2283 1938 2346 ei
1998 2281 2321 2347 oblocutus
2372 2291 2496 2363 est,

245 2413 380 2497 ipse
433 2419 635 2475 tamen
685 2433 804 2475 non
841 2412 1154 2495 perspicue
1188 2410 1470 2494 exponit,
1525 2432 1675 2493 quae
1709 2408 1891 2472 fuerit
1924 2408 2223 2475 bonorum
2259 2412 2501 2495 praedis

245 2538 538 2624 obligatio
559 2565 577 2616 3
612 2562 809 2624 neque
845 2562 998 2624 quae
1033 2539 1309 2623 disputat
1343 2538 1418 2601 ad
1451 2537 1844 2602 refellendam
1880 2539 2242 2602 sententiam
2280 2541 2385 2603 viri
2422 2539 2497 2604 ol.

245 2689 578 2733 BACHOFEN
614 2670 929 2747 nituntur,
973 2691 1062 2732 me
1083 2668 1320 2752 judice,
1357 2667 1591 2730 idoneis
1625 2668 2015 2750 argumentis.
2070 2667 2165 2731 Ita
2195 2667 2352 2731 enim
2384 2669 2509 2733 dis-

245 2805 426 2884 putat
454 2799 530 2881 ³):
568 2798 740 2874 „Der
770 2819 943 2882 praes
978 2799 1056 2861 ist
1105 2797 1397 2860 verhaftet
1448 2797 1605 2859 kraft
1657 2796 1758 2858 des
1808 2774 2404 2876 Verbalcontractsv,
2440 2804 2500 2862 et

208 2915 216 2919 ’
247 2925 430 2990 alibi:
485 2892 956 3011 „Obligare‘hat
992 2924 1056 2988 in
1093 2924 1198 2988 der
1232 2925 1592 2988 classischen
1627 2924 1757 2988 Zeit
1791 2924 1894 2988 der
1928 2923 2148 2988 Cautio
2176 2926 2497 3010 praedibus

249 3055 632 3141 praediisque
681 3077 796 3117 nur
845 3055 998 3118 noch
1037 3053 1136 3117 die
1186 3025 1338 3138 ganz
1387 3052 1745 3136 allgemeine
1802 3052 2168 3138 Bedeutung
2200 3054 2304 3117 des
2354 3055 2501 3118 Ver·

243 3181 572 3267 pflichtens
620 3204 694 3244 zu
745 3181 939 3244 einem
995 3181 1178 3243 Thun
1228 3181 1370 3244 oder
1421 3180 1670 3244 Lassen.
1774 3181 1949 3244 Denn
2002 3180 2095 3244 die
2132 3180 2499 3266 Bedeutung

246 3310 352 3373 des
403 3331 476 3371 zu
529 3307 725 3371 Pfand
779 3308 1162 3372 Verbindens
1198 3314 1366 3393 passt
1400 3331 1515 3372 nur
1550 3308 1657 3371 auf
1700 3307 1995 3372 Sachen.”
2083 3307 2496 3374 Veruntamen

243 3437 320 3500 de
357 3437 484 3520 ipsa
536 3434 829 3498 bonorum
883 3435 1254 3520 obligatione
1305 3435 1647 3520 quaeritur3
1702 3434 1883 3519 paulo
1919 3441 2056 3520 post
2087 3457 2302 3501 arvum
2334 3436 2497 3501 hisce

245 3563 447 3628 verbis
499 3583 825 3628 BAOHOFEN
877 3564 1294 3648 reprehendit:
1395 3563 1527 3642 „Zu
1580 3564 1770 3627 dieser
1820 3564 2079 3627 Ansicht
2128 3565 2357 3628 kommt
2390 3586 2496 3629 BA-

245 3711 494 3758 CHOFEN
543 3691 807 3755 dadureh
859 3693 1000 3756 dasz
1049 3715 1112 3756 er
1162 3691 1260 3756 die
1311 3693 1745 3778 Bezeichnung
1800 3691 2218 3777 „obligatus’',
2267 3715 2357 3757 wo
2406 3693 2493 3759 sic

391 3973 426 4032 ι)
497 3971 564 4021 Ut
599 3973 752 4022 obiter
789 3987 1030 4030 moneam,
1070 3989 1126 4022 ex
1163 3972 1254 4022 hoc
1291 3973 1398 4022 loco
1435 3976 1597 4038 patet,
1646 3972 1877 4038 mancipis
1918 3972 2018 4022 sive
2056 3973 2283 4022 debitoris
2318 3973 2497 4040 princi·

241 4058 366 4126 palis
403 4074 594 4122 quoque
633 4058 793 4106 omnia
831 4059 954 4106 bona
991 4059 1206 4124 obligata
1243 4074 1361 4108 esse.

387 4144 432 4207 2)
503 4143 560 4192 In
600 4143 781 4208 Opere:
821 4145 1115 4205 Pfandreckc
1141 4161 1186 4208 p.
1217 4145 1466 4194 223-25.
1503 4145 1743 4208 Deceptus
1779 4143 2051 4194 testimonio
2071 4159 2499 4197 mitono-ASCONH

241 4231 302 4279 ad
341 4243 442 4279 cro.
473 4229 521 4277 in
572 4229 698 4278 Verr.
725 4230 823 4278 2.1.
861 4230 976 4293 Cap.
1008 4231 1084 4278 54.
1111 4233 1132 4290 §
1163 4230 1284 4288 142,
1321 4217 1592 4288 contendit,
1630 4230 1757 4294 quod
1782 4231 1923 4279 etiam
1951 4231 2104 4279 voluit
2130 4245 2421 4282 BURCHARDI
2448 4234 2495 4282 iu

246 4315 333 4376 Op.
371 4317 406 4363 l.
449 4315 505 4371 2,
535 4329 580 4376 p.
613 4314 731 4371 580,
771 4313 928 4374 „hona
965 4314 1190 4378 praedia’'
1227 4331 1312 4379 pro
1349 4315 1572 4363 omnibus
1610 4315 1745 4362 bonis
1782 4315 2005 4376 obligatis
2031 4315 2148 4373 diei3
2174 4317 2223 4364 cf
2244 4321 2399 4364 tamen
2440 4318 2497 4366 de

241 4401 334 4450 hac
371 4415 423 4447 re
460 4411 772 4447 zffluaaum
809 4399 858 4448 iu
897 4399 1025 4449 Diss.
1061 4417 1108 4463 p.
1146 4400 1237 4457 32,
1276 4401 1340 4449 33
1379 4403 1426 4449 et
1465 4414 1637 4449 mvmn
1672 4401 1720 4450 in
1762 4402 1846 4464 Op.
1882 4403 1920 4450 l.
1954 4417 2001 4466 p.
2040 4402 2129 4460 69,
2160 4400 2225 4452 70
2251 4405 2350 4458 not.
2379 4403 2495 4453 202.

385 4484 425 4548 3)
497 4483 554 4532 In
597 4485 680 4546 Op.
717 4486 750 4534 l.
789 4501 835 4550 p.
881 4485 942 4534 68
981 4489 1030 4534 et
1066 4485 1146 4535 69.

2086 4581 2213 4649 11*
