3027 5263
1581 550 1709 611 168

507 748 675 813 Illud
721 770 846 813 non
895 748 1068 812 facile
1118 746 1392 823 credam,
1459 745 1607 831 quia
1654 745 1799 809 satis
1849 744 2048 809 differt
2089 747 2189 831 jus
2240 746 2516 833 pignoris
2565 772 2603 813 a
2630 748 2773 834 jure

513 898 634 961 quo
684 876 878 940 utitur
929 873 1270 959 respublica
1328 875 1390 937 in
1443 873 1702 959 praediis
1752 872 2135 958 subsignatis·

699 1002 974 1081 Etenim,
1035 1001 1086 1065 si
1127 1002 1228 1086 jus
1277 1000 1579 1086 peculiare
1628 1001 1692 1063 in
1744 1000 1985 1085 praedia
2050 1001 2406 1087 subsignata
2476 1003 2770 1090 reipubli-

511 1153 616 1196 cae
687 1136 1022 1215 competat,
1098 1128 1313 1215 procul
1382 1128 1571 1192 dubio
1634 1127 2091 1214 subsignatione
2142 1130 2180 1198 i.
2202 1152 2256 1193 e.
2316 1130 2769 1218 subscriptione

511 1259 922 1323 constituitur.

698 1384 1024 1467 Quomodo
1096 1389 1298 1448 autem
1366 1384 1466 1469 jus
1517 1383 1791 1469 pignoris
1840 1383 2076 1448 oritur?
2124 1404 2376 1463 Ervum,
2444 1392 2518 1451 ut
2566 1387 2767 1453 obiter

508 1536 826 1590 moneam,
902 1512 1200 1598 explicare
1271 1510 1543 1597 neglexit
1607 1510 1784 1596 quale
1826 1512 1929 1596 jus
1978 1512 2251 1599 pignoris
2286 1514 2329 1599 ¹)
2378 1516 2441 1579 in
2492 1516 2764 1601 praediis

509 1640 888 1725 subsignatio
946 1639 1199 1716 efficiat3
1253 1637 1472 1701 melius
1522 1644 1721 1703 autem
1784 1638 1873 1703 vir
1920 1639 2061 1704 clar.
2114 1660 2467 1722 eounsm'r,
2525 1644 2633 1728 qui
2684 1644 2765 1709 ad

502 1770 604 1854 jus
665 1766 822 1831 illud
897 1765 1309 1830 definiendum
1363 1764 1546 1829 dicit:
1599 1765 1739 1842 „De
1788 1772 1943 1830 staat
1991 1766 2131 1831 stelt
2178 1766 2313 1833 zich
2360 1770 2489 1833 niet
2540 1769 2603 1833 in
2658 1770 2765 1835 het

511 1896 676 1961 bezit
724 1918 799 1959 en
850 1895 1015 1959 heeft
1063 1893 1182 1959 ook
1231 1916 1416 1979 geene
1465 1894 1621 1957 actie
1672 1895 1762 1958 als
1812 1895 1886 1959 de
1935 1894 2119 1961 latere
2152 1896 2439 1962 Serviane
2462 1898 2586 1983 ²).”
2636 1899 2763 1964 Ita-

510 2045 629 2109 que
699 2024 798 2108 jus
870 2022 1141 2109 pignoris
1201 2021 1418 2085 habere
1467 2020 1904 2107 rempublicam
1955 2024 2148 2088 voluit
2196 2025 2261 2089 in
2308 2027 2573 2111 praediis
2622 2027 2764 2091 sub-

511 2152 766 2238 signatis
815 2151 981 2235 quod
1029 2150 1431 2215 conventione
1489 2150 1886 2215 constituitur
1913 2152 1979 2235 ³).

695 2280 810 2344 Jus
881 2278 1156 2365 pignoris
1229 2278 1420 2364 igitur
1483 2279 1648 2364 quod
1696 2281 1849 2344 nudo
1884 2287 2070 2361 pacto
2135 2282 2366 2347 oriatur
2412 2283 2463 2347 si
2512 2284 2765 2369 praedia

508 2406 884 2494 reipublicae
957 2406 1337 2492 obligentur,
1415 2406 1842 2487 subscriptione
1912 2408 2205 2473 constitui
2272 2411 2485 2475 volunt
2552 2411 2643 2476 ita
2691 2419 2766 2476 ut

510 2536 982 2599 instrumentum
1030 2532 1367 2598 necessario
1417 2532 1758 2623 requiratur
1790 2534 1859 2618 4).

695 2664 1013 2728 Praeterea
1083 2662 1522 2726 animadvertas
1593 2685 1953 2750 magnopere
2026 2685 2269 2748 quoque
2335 2665 2401 2728 in
2454 2667 2587 2750 jure
2638 2666 2763 2731 Ro-

511 2814 691 2856 mano
779 2790 936 2855 bona
1017 2790 1252 2854 differre
1349 2812 1503 2874 quae
1580 2789 1924 2875 subsignari
1993 2797 2054 2854 et
2126 2813 2194 2855 ea
2266 2814 2419 2876 quae
2482 2793 2765 2879 pignoris

505 2919 645 3005 jure
735 2917 988 3004 obligari
1061 2918 1335 3004 possint-3
1419 2940 1556 2982 cum
1654 2919 1814 2983 enim
1886 2919 2132 3004 praedia
2197 2925 2437 2984 tantum
2502 2926 2563 2984 et
2622 2923 2767 3007 jure

509 3049 787 3112 Romano
863 3068 931 3109 ea
1003 3046 1248 3112 demum
1321 3067 1477 3129 quae
1542 3046 1603 3108 in
1656 3045 1929 3110 dominio
1988 3047 2143 3131 juris
2207 3047 2544 3128 Quiritium
2595 3050 2765 3135 apud

507 3173 842 3238 debitorem
936 3180 1170 3251 essent,
1262 3172 1784 3258 subsignationem
1860 3174 2225 3259 reciperent:
2294 3174 2432 3259 jure
2490 3176 2768 3261 pignoris

513 3307 724 3366 contra
792 3300 1050 3387 obligari
1120 3306 1372 3385 possunt
1444 3322 1656 3365 omnes
1728 3323 1851 3378 ree,
1926 3323 2076 3386 quas
2150 3300 2318 3365 hisce
2388 3301 2588 3368 verbis
2639 3305 2765 3368 BA-

515 3556 920 3566 ————-——-

652 3735 686 3791 1)
758 3732 829 3781 Dc
867 3731 1006 3780 variis
1043 3730 1138 3779 illis
1174 3729 1389 3795 pignoris
1420 3729 1752 3797 juribus'jvide
1789 3745 2083 3791 Bacnorex,
2120 3735 2419 3798 Psandreckt
2454 3751 2503 3798 p.
2542 3736 2633 3792 24,
2674 3737 2759 3786 25.

652 3817 690 3880 2)
764 3817 880 3866 Vide
921 3817 1168 3866 Commeat.
1203 3817 1337 3866 laud.
1390 3832 1436 3881 p.
1477 3817 1575 3866 560
1612 3821 1711 3868 not.
1753 3818 1815 3876 13
1854 3817 1913 3868 cf.
1950 3833 2137 3882 quoque
2174 3832 2449 3869 nannenus
2486 3820 2535 3870 in
2572 3819 2762 3886 Opere:

509 3904 718 3969 Psandr.
754 3903 805 3960 Ι,
845 3920 891 3967 p.
929 3903 1009 3953 35.

659 3987 699 4048 ³)
771 3987 888 4036 Vide
940 3987 1030 4052 leg.
1069 3987 1096 4036 1
1137 4003 1209 4051 pr.
1246 3987 1306 4037 D.
1343 3987 1402 4035 de
1432 3986 1560 4051 piqn.
1596 3991 1690 4036 act.
1730 3985 1903 4049 (13.7.)
1941 3987 2033 4051 leg.
2082 3989 2113 4036 4
2150 3991 2199 4037 et
2235 3987 2299 4036 29
2338 4005 2410 4053 pr.
2446 3989 2509 4040 D.
2542 3991 2603 4039 de
2630 3992 2763 4056 piqn.

517 4078 564 4124 et
597 4075 700 4138 hyp.
739 4073 926 4134 (20.1.).
974 4073 1034 4122 Iu
1072 4072 1174 4136 lege
1213 4075 1244 4119 4
1281 4088 1392 4121 sane
1429 4088 1586 4121 sermo
1624 4076 1694 4121 est
1715 4072 1773 4121 de
1808 4072 2102 4137 hypotheca,
2126 4072 2254 4136 quod
2282 4077 2441 4122 tamen
2462 4090 2557 4124 uon
2576 4075 2764 4136 obstat,

515 4175 627 4208 nam
679 4158 850 4223 pignus
903 4160 952 4207 et
1002 4157 1270 4222 hypotheca
1318 4157 1502 4222 saepius
1538 4158 1663 4206 idem
1702 4156 1978 4206 institutum
2015 4158 2273 4217 denotant,
2311 4159 2417 4208 vide
2454 4159 2545 4222 leg.
2587 4162 2615 4207 5
2653 4163 2675 4222 §
2718 4163 2766 4211 1.

514 4245 575 4294 D.
614 4245 674 4293 de
711 4245 843 4307 μέρη..
880 4247 926 4292 et
959 4244 1064 4308 hyp.
1106 4244 1277 4305 (20.1).
1318 4243 1388 4292 cf.
1426 4257 1470 4293 r.
1507 4258 1555 4292 1..
1597 4260 1641 4292 v.
1679 4245 1971 4302 KELLER,in
1997 4243 2180 4309 Opere:
2218 4245 2768 4313 Pandekten,Leipzig,

514 4329 672 4386 1861,
709 4345 758 4395 p.
797 4329 890 4378 381
933 4332 980 4377 et
1017 4341 1284 4378 merrom«
1321 4328 1368 4377 iu
1411 4329 1495 4391 Op.
1533 4331 1564 4378 l.
1602 4345 1649 4394 p.
1692 4330 1977 4379 631-634.

647 4414 690 4478 4)
760 4416 896 4465 Licet
930 4432 1271 4480 nonnunquam
1307 4416 1615 4475 adhibeatur,
1654 4415 1892 4482 scriptura
1931 4431 2025 4466 non
2062 4416 2320 4482 requiritur
2337 4417 2389 4466 in
2410 4417 2519 4481 jure
2545 4418 2768 4485 pignoris

517 4501 644 4551 nuda
680 4501 995 4552 conventione
1031 4501 1392 4562 constituend03
1430 4503 1538 4551 vide
1575 4502 1666 4568 leg.
1702 4505 1734 4550 4
1770 4503 1835 4552 D.
1868 4503 1926 4552 de
1950 4504 2086 4567 piqn.
2121 4506 2171 4552 et
2203 4503 2310 4568 hyp.
2349 4503 2522 4567 (20.1.)
