3027 5263
1561 571 1688 632 178

496 775 701 834 tamen
772 765 967 830 virum
1018 764 1201 843 clar.,
1252 771 1557 829 auctorem
1624 763 1953 849 improprie
2018 763 2104 827 ita
2153 764 2386 838 dicere,
2437 763 2574 828 aliis
2625 789 2753 829 ver-

502 895 628 974 bis,
682 917 821 959 eum
869 893 1024 978 quod
1082 914 1313 956 cumam
1383 892 1662 972 praebuit
1712 893 1998 971 praedam
2060 892 2417 969 renditioni,
2464 897 2756 972 praedam

496 1273 649 1309 nonis
686 1257 939 1324 explicatio
974 1272 1075 1305 esse
1111 1257 1300 1304 videtur
1336 1259 1389 1304 ut
1430 1254 1627 1304 alteram
1667 1255 1797 1304 illam
1824 1255 2108 1304 locationem
2151 1255 2378 1319 praedum
2423 1256 2752 1306 venditionem

490 1345 678 1394 dixerit.
755 1343 1006 1392 Videamus
1072 1344 1229 1390 autem
1283 1341 1339 1389 de
1376 1341 1534 1389 dubiis
1569 1358 1596 1388 a
1633 1341 1736 1390 viro
1774 1356 1905 1389 cons,
1943 1354 2249 1389 mansuum
2289 1347 2460 1390 contra
2497 1341 2622 1390 hanc
2661 1343 2751 1390 do·

496 1431 702 1480 ctrinam
740 1429 954 1493 prolatis.

629 1515 669 1564 1.
738 1516 921 1562 Auctor
956 1517 1019 1577 (p.
1042 1513 1107 1561 30
1144 1512 1282 1560 initio
1322 1511 1463 1572 Dies.)
1510 1510 1629 1559 dicit
1667 1526 1724 1558 ne
1761 1510 2100 1574 appellationis
2137 1511 2322 1574 quidem
2367 1512 2593 1574 praedam
2636 1529 2750 1562 ven-

490 1600 687 1649 ditionis
724 1615 873 1662 ncque
908 1596 1226 1664 praedictoris
1278 1596 1566 1644 mentionem
1604 1595 1705 1644 {ieri
1743 1597 1822 1643 sed
1861 1595 2141 1658 simpliciter
2179 1596 2352 1659 ubique
2391 1597 2754 1654 „locationem”

493 1683 823 1748 „mancipem”
860 1683 968 1731 dici.
1008 1682 1161 1730 Paulo
1198 1685 1307 1745 post
1341 1680 1705 1737 animadvertit,
1734 1680 1780 1727 in
1811 1680 1911 1742 lege
1933 1681 2222 1728 Malacitana
2249 1681 2305 1728 ad
2327 1683 2560 1745 praedam
2583 1685 2751 1730 vendi-

488 1770 669 1818 tionem
723 1768 918 1816 dccreto
967 1767 1149 1815 ordinis
1186 1781 1305 1830 opus
1340 1765 1504 1822 fuisse,
1547 1781 1693 1828 quum
1741 1765 1912 1813 Verres
1967 1767 2217 1814 manifesto
2254 1769 2356 1814 sine
2391 1773 2584 1816 senatus
2636 1784 2752 1816 auc-

490 1854 688 1901 toritate
723 1851 891 1914 egerit.

627 1937 695 1988 Π.
767 1936 921 1998 Negat.
974 1951 1162 1984 causam
1216 1935 1533 1983 exsecutionis
1569 1934 1739 1991 fuissc;
1785 1935 1906 1997 juris
1961 1933 2134 1997 privati
2195 1936 2426 1983 rationem
2487 1936 2750 1994 admiscet,

492 2029 655 2070 monet
708 2025 821 2069 tunc
870 2019 1057 2068 demum
1114 2019 1358 2068 conveniri
1413 2019 1750 2067 conductorem
1790 2019 1946 2083 operis
1983 2035 2126 2082 quum
2168 2035 2260 2066 non
2299 2021 2454 2068 solum
2491 2035 2610 2086 opus
2649 2038 2748 2070 non

492 2107 747 2171 perfecerit
782 2105 862 2154 sed
904 2121 988 2154 nec
1024 2105 1071 2152 id
1110 2106 1235 2168 quod
1274 2104 1504 2152 locatoris
1542 2105 1804 2168 perlectum
1842 2119 1941 2152 esse
1979 2103 2230 2153 interesset
2260 2106 2576 2169 praestiterit;
2619 2107 2750 2156 idem

494 2207 679 2255 quoque
716 2192 764 2238 in
804 2189 1101 2238 debitoribus
1138 2189 1341 2253 publicis
1380 2189 1634 2236 invaluisse
1673 2193 1822 2251 putat.
1897 2188 2085 2252 „Quam
2124 2194 2282 2236 antem
2319 2189 2562 2254 praeclare
2577 2191 2624 2247 ‚''
2661 2193 2750 2240 ad·

488 2278 583 2336 dit,
641 2276 787 2332 „hacc
840 2275 1001 2324 omnia
1056 2275 1115 2322 ad
1170 2290 1359 2322 cansam
1415 2279 1628 2321 nostram
1682 2275 1932 2337 quadrant.
2005 2273 2204 2322 Praetor
2259 2289 2376 2338 opns
2433 2277 2746 2325 condemnat.

483 2362 711 2417 Tutores,
749 2359 923 2423 pupilli
962 2361 1210 2423 impensiS,
1254 2359 1477 2422 privatim
1530 2358 1832 2406 reficiendum
1873 2365 2058 2406 curant.
2131 2359 2272 2422 Quod
2311 2360 2549 2423 quomodo
2583 2361 2746 2410 facere

486 2448 787 2512 potuissent,
825 2445 866 2494 si
900 2444 1303 2509 improbationem
1341 2445 1570 2492 continuo
1607 2443 1833 2507 praedam
1875 2444 2084 2492 venditio
2122 2444 2254 2508 sequi
2291 2445 2430 2494 solita
2467 2446 2661 2495 essetP”

627 2530 722 2580 111.
784 2530 855 2577 Ne
906 2531 1053 2578 verbo
1090 2528 1292 2592 denique
1328 2529 1586 2590 significari
1622 2529 1689 2576 ait
1723 2541 2034 2576 zaim-:mian
2071 2530 2270 2578 Jnninm
2306 2531 2600 2594 praedesque
2639 2533 2750 2593 ejus

490 2615 712 2666 Habonio
764 2614 999 2678 obligatos
1052 2629 1151 2663 esse
1194 2642 1250 2652 --
1292 2613 1403 2673 „sed
1442 2614 1479 2663 si
1518 2613 1733 2677 legem,’'
1788 2613 1950 2671 addit,
1991 2615 2256 2673 „secundae
2295 2615 2522 2664 locationi
2559 2615 2750 2667 dictam

485 2702 792 2765 inspicimus,
830 2700 1131 2764 simpliciter:
1177 2700 1408 2763 „pecunia
1448 2715 1671 2763 praesens
1709 2699 1986 2753 solvetnr‚”
2024 2699 2241 2761 legimns.
2267 2704 2305 2749 A
2328 2701 2455 2764 quo?
2485 2717 2511 2748 a
2538 2702 2754 2767 populo,

489 2802 635 2850 quum
675 2787 853 2849 primus
891 2785 1077 2834 debitor
1114 2786 1309 2833 omniuo
1348 2800 1438 2832 non
1480 2784 1929 2833 commemoretur.”

628 2871 758 2919 Haec
795 2875 907 2919 eunt
945 2871 1039 2918 fere
1076 2885 1195 2933 quae
1231 2870 1288 2918 ad
1327 2883 1463 2918 susm
1500 2869 1774 2933 opinionem
1811 2868 2092 2917 firmandam
2137 2870 2304 2919 attulit
2347 2875 2541 2930 auctor,
2593 2872 2757 2924 habeo

485 2960 645 3006 tamen
683 2972 801 3021 quae
840 2956 951 3006 huic
988 2956 1303 3021 disputationi
1341 2971 1598 3021 opponam.

618 3040 691 3089 Ad
727 3040 852 3089 Ium.
924 3040 1305 3105 Appellationem
1364 3040 1594 3103 praedam
1651 3039 1942 3088 venditionis
1991 3040 2088 3088 fere
2137 3056 2232 3089 non
2273 3042 2525 3090 memorari
2565 3044 2746 3093 mirum

484 3143 579 3175 non
618 3131 715 3183 θείη
752 3141 918 3175 revera
954 3125 1081 3174 enim
1117 3126 1323 3174 secunda
1361 3125 1442 3173 ina
1479 3123 1656 3173 locatio
1694 3125 1782 3173 fuit
1820 3124 2022 3182 locatio,
2056 3124 2164 3188 jure
2201 3130 2357 3175 tamen
2396 3128 2502 3175 loco
2539 3128 2748 3177 laudato

484 3224 664 3261 metuo
695 3211 825 3260 illam
868 3212 1092 3275 praedum
1133 3210 1455 3259 venditionem
1492 3210 1641 3269 dixit,
1682 3211 1792 3274 quia
1829 3212 2072 3276 proximus
2101 3211 2245 3259 fuerit
2270 3213 2464 3261 effectus
2485 3212 2750 3263 locationis

489 3298 717 3362 praedam
756 3297 981 3347 venditio.
1022 3298 1094 3346 Cf.
1132 3314 1251 3360 qnae
1289 3298 1347 3345 ad
1385 3297 1520 3345 llum
1557 3298 1766 3361 disputo,

614 3382 777 3445 Neque
832 3382 980 3446 igitur
1034 3383 1208 3431 mirum
1264 3399 1363 3431 esse
1417 3386 1574 3447 potest
1621 3389 1758 3431 actus
1815 3382 2049 3444 legitimos
2089 3384 2166 3447 qui
2205 3384 2434 3447 praedum
2473 3387 2750 3435 venditioni

481 3466 661 3516 fuerint
698 3468 877 3532 proprii
915 3468 1147 3516 locationi
1183 3467 1253 3515 illi
1291 3467 1431 3515 alteri
1466 3468 1787 3532 praescriptos
1826 3483 1919 3515 non
1959 3468 2119 3516 fuisse.

610 3552 685 3601 Ad
712 3552 861 3601 lInm.
898 3552 1205 3601 Contrarium
1230 3569 1389 3600 verum
1415 3558 1558 3616 puto;
1579 3565 1761 3600 cremo
1782 3552 1973 3600 disertis
2009 3552 2163 3600 verbis
2199 3552 2340 3600 docet
2363 3553 2488 3601 bona
2511 3555 2744 3618 praedam

476 3637 649 3702 prioris
702 3637 933 3687 debitoris
986 3638 1195 3686 secundo
1251 3638 1498 3701 pecuniam
1559 3637 1829 3701 praebuisse
1867 3637 1998 3699 operi
2036 3637 2354 3692 conficiendo,
2413 3639 2480 3686 ita
2517 3640 2644 3689 en‘m
2676 3639 2734 3690 in

477 3723 645 3787 Capite
684 3724 742 3770 55
784 3722 911 3771 laud.
946 3725 968 3782 §
1007 3723 1121 3771 142.
1160 3722 1403 3786 loquitur:
1442 3723 1686 3781 „Loentur
1726 3722 1771 3770 id
1811 3738 1957 3785 opus,
2006 3723 2130 3785 quod
2168 3738 2224 3769 ea·
2257 3704 2362 3771 moia
2393 3724 2602 3785 pecunia
2629 3726 2714 3774 refi

478 3807 662 3856 ciatnr‘'
702 3808 763 3855 ct'.
802 3823 992 3872 qnoque
1028 3808 1145 3870 Cap.
1187 3810 1246 3854 55
1286 3810 1307 3867 5
1352 3810 1462 3855 144.
1500 3807 1699 3855 Accedit
1737 3807 1862 3869 quod
1903 3806 2070 3855 Verres
2108 3808 2258 3868 legem
2296 3807 2480 3856 dixit=”
2521 3810 2738 3859 Pecunia

478 3907 699 3957 praesens
745 3891 1007 3941 solvetur.”
1080 3892 1152 3939 Eo
1188 3891 1362 3940 accidit
1402 3895 1455 3939 nt
1491 3892 1684 3955 praedia
1722 3907 1840 3955 quac
1877 3908 1964 3955 pro
2004 3892 2240 3940 solutione
2279 3894 2514 3956 pecuniae
2553 3894 2744 3959 subsig-

477 3980 589 4026 nata
625 3980 780 4025 essent
832 3977 996 4025 statim
1049 3976 1209 4025 venire
1244 3980 1505 4041 oporteret.
1581 3976 1741 4041 Quum
1781 3976 1929 4040 igitur
1965 3976 2088 4025 inter
2126 3976 2414 4026 locationem
2452 3978 2654 4037 alteram
2691 3984 2742 4028 et

477 4061 707 4127 praedam
744 4060 1067 4110 venditionem
1104 4077 1246 4125 quam
1284 4061 1617 4110 brevissimum
1656 4064 1840 4110 tantum
1881 4061 2105 4126 temporis
2143 4062 2353 4127 spatium
2389 4062 2737 4123 intercederet,

472 4160 663 4197 summo
693 4146 831 4210 jure,
869 4150 921 4195 ut
959 4148 1148 4196 videtur
1173 4185 1186 4207 ,
1219 4159 1405 4196 crestio
1444 4147 1662 4196 effectum
1701 4162 1787 4210 pro
1824 4163 1964 4195 cauea
2000 4147 2144 4197 dixit.

611 4233 929 4281 Zmueauan
968 4247 1181 4296 quoque,
1220 4231 1395 4297 quippe
1436 4232 1516 4296 qui
1554 4232 1788 4281 rationem
1822 4231 1945 4295 juris
1984 4219 2287 4297 privati-huc
2324 4232 2514 4290 trahet,
2541 4239 2740 4298 reputet

476 4317 657 4369 nullam
694 4317 886 4366 omnino
922 4318 1022 4366 fieri
1061 4318 1350 4367 mentionem
1386 4318 1435 4367 in
1473 4333 1616 4367 eausa
1650 4317 1860 4367 Juniana
1889 4317 1947 4365 de
1967 4334 2022 4365 eo
2049 4317 2336 4383 praestando
2363 4318 2492 4380 quod
2521 4319 2740 4379 intersit3

470 4404 782 4453 fundamento
820 4406 949 4451 earet
982 4404 1109 4451 enim
1135 4402 1465 4461 ratiocinatiO,
1492 4402 1628 4451 illam
1653 4403 1924 4468 opinionem
1953 4403 2132 4453 firmari
2157 4403 2476 4453 transactione
2504 4406 2740 4469 permissa

470 4489 603 4545 iuter
644 4489 915 4541 Habonium
953 4493 1000 4538 et
1036 4492 1235 4541 tutores.
1312 4488 1619 4557 Respondeo:
