3027 5263
1357 548 1440 608 33

466 717 781 810 Praeterea
849 761 1050 808 anPr
1100 748 1166 806 ut
1215 763 1387 808 suam
1437 743 1804 807 sententiam
1846 743 2147 821 firmaret,
2196 745 2521 810 nonnullos

271 871 440 937 locos
485 893 686 936 PLINII
733 870 944 936 citavit
985 870 1055 953 ¹),
1109 869 1216 934 ubi
1265 873 1476 933 auctor
1527 868 1703 934 urbes
1760 868 2095 954 Hispaniae
2142 881 2411 936 resenset
2460 879 2521 937 et

263 999 445 1084 juxta
510 997 840 1084 municipia
904 997 1126 1062 civium
1193 996 1607 1060 'Romanorum
1675 995 1901 1081 oppida
1948 997 2129 1062 Latio
2178 998 2519 1084 antiquitus

275 1126 500 1192 donata
533 1131 822 1190 memorat
846 1125 921 1210 2).
972 1124 1201 1188 PLINIO
1237 1123 1662 1187 auctoritatem
1696 1145 1977 1210 magnam
2012 1124 2255 1202 tribuit,
2290 1126 2519 1211 quippe

275 1254 386 1338 qui
433 1253 902 1338 Hispanicorum
951 1256 1486 1316 monumentorum
1529 1273 1719 1336 paene
1754 1251 2021 1336 aequalis
2054 1252 2253 1315 fuerit.
2308 1252 2517 1333 Quod-

272 1402 516 1466 cunque
579 1387 782 1444 tamen
829 1379 1092 1464 pretium
1138 1376 1537 1440 tribuendum
1588 1384 1682 1442 est
1729 1377 1819 1440 illi
1892 1397 2094 1442 PLINII
2165 1379 2517 1445 testimonio

271 1508 422 1573 falsa
468 1507 682 1594 procul
735 1505 923 1571 dubio
956 1511 1050 1569 est
1098 1504 1406 1568 conclusio
1455 1505 1572 1568 viri
1596 1505 1671 1570 cl.
1707 1527 1907 1570 zmff‘r
1934 1505 2015 1589 ³),
2050 1527 2191 1570 cum
2222 1507 2364 1571 inde
2396 1507 2522 1572 effi-

273 1636 361 1700 cit
435 1642 744 1700 auctorem
793 1633 1098 1698 civitatem
1145 1631 1479 1695 Romanam
1531 1631 1867 1697 adscribere
1928 1634 2279 1720 municipiis
2327 1637 2519 1698 omni-

273 1762 392 1826 bus
466 1761 720 1846 ideoque
769 1767 830 1825 et
878 1761 1102 1824 nostris
1151 1765 1421 1845 tempore
1468 1778 1847 1836 DOMITIANI,
1897 1781 2041 1823 nam
2090 1761 2269 1826 verba
2316 1782 2520 1827 PLINII

273 1889 429 1952 nihil
480 1889 701 1952 docent
754 1888 828 1952 de
877 1895 1145 1972 tempore
1193 1907 1567 1964 DOMITIANI,
1618 1909 1739 1972 quo
1788 1886 1980 1966 vixit,
2034 1888 2213 1973 quia,
2263 1897 2335 1954 ut
2393 1891 2521 1976 jam

274 2016 521 2094 monui,
573 2022 829 2080 aet-atem
878 2036 1144 2080 Aneusrr
1192 2013 1500 2078 describit.
1556 2014 1742 2078 Hisce
1778 2015 2099 2100 disputatis
2130 2016 2345 2081 saltem
2401 2019 2521 2083 hoc

271 2143 568 2208 affirmare
616 2142 827 2207 licebit
878 2143 1071 2206 virum
1120 2143 1198 2205 cl.
1251 2162 1452 2206 zuMPr
1499 2140 1685 2204 latius
1734 2163 1918 2225 quam
1976 2165 2085 2228 par
2118 2144 2195 2206 sit
2244 2167 2515 2230 progres-

267 2293 408 2336 sum
474 2291 601 2334 esse
666 2268 968 2333 dicentem
1029 2290 1299 2354 pugnare
1348 2290 1488 2332 cum
1562 2268 1731 2331 omni
1804 2269 2193 2352 Ant-iquitate
2240 2271 2515 2335 Romana

264 2397 377 2483 qui
425 2403 658 2461 nostras
707 2395 883 2461 urbes
929 2396 1180 2461 Latinas
1227 2403 1418 2459 vocet.

461 2523 558 2588 Ad
607 2524 768 2587 Hm.
867 2524 1010 2608 Ipsa
1080 2523 1284 2608 legum
1357 2522 1537 2588 verba
1587 2546 1827 2610 quoque
1876 2525 2183 2610 postulare
2234 2527 2519 2592 videntur

269 2662 344 2719 ut
377 2655 708 2739 municipia
738 2661 943 2719 nostra
975 2654 1200 2719 Latina
1249 2654 1569 2731 dicantur3
1620 2655 1784 2739 quod
1817 2662 1997 2741 negat
2032 2677 2271 2734 zuMPr,
2308 2680 2516 2743 quam·

269 2783 364 2847 vis
415 2783 541 2868 ipse
589 2789 800 2846 auctor
845 2781 996 2867 legis
1047 2781 1224 2846 verba
1273 2781 1452 2845 talem
1506 2782 1972 2867 explicationem
2023 2784 2343 2849 admittere
2377 2808 2517 2850 con-

268 2911 478 2987 cedat,
546 2910 670 2973 imo
744 2909 973 2995 optime
1038 2909 1122 2972 ita
1197 2908 1321 2972 dici
1374 2910 1478 2992 (sc.
1542 2909 1637 2972 uti
1702 2911 1766 2971 in
1828 2909 1962 2994 lege
2020 2910 2255 2976 dictum
2304 2915 2411 2996 est)
2462 2913 2516 2976 si

270 3062 482 3103 omnes
529 3038 870 3123 municipes
918 3037 1145 3101 fuerint
1191 3036 1404 3099 Latini
1445 3036 1621 3120 juris.
1693 3035 1861 3101 Citat
1908 3037 2058 3122 legis
2115 3039 2517 3124 Salpensanae

268 3166 488 3251 Capita
539 3170 662 3243 28,
718 3167 843 3244 29,
893 3164 1046 3250 legis
1095 3164 1498 3229 Malacitanae
1550 3163 1751 3248 Caput
1804 3168 1891 3227 54
1927 3163 2033 3229 ubi
2081 3166 2317 3229 Latinis
2349 3189 2515 3251 prae—

265 3302 446 3381 cepta
493 3294 714 3359 dantur
728 3319 746 3369 3
802 3293 944 3357 addi
996 3294 1292 3378 potuisset
1340 3293 1510 3356 locus
1562 3315 1636 3356 ex
1684 3292 1813 3378 lege
1847 3293 2251 3377 Salpensana,
2288 3294 2396 3359 ubi
2448 3296 2514 3359 in

268 3422 487 3507 Capite
539 3424 662 3498 25,
715 3443 836 3506 quo
888 3420 961 3483 de
1005 3421 1142 3505 jure
1193 3420 1477 3505 praefecti
1530 3443 1565 3483 a
1612 3420 1683 3483 ΙΙ
1729 3422 1861 3485 viro
1894 3422 2089 3485 relicti
2140 3423 2374 3507 agitur,
2430 3424 2516 3486 ita

269 3555 516 3613 cautum
567 3554 688 3613 est:
788 3548 912 3624 „Ei
961 3548 1068 3631 qui
1116 3548 1202 3610 ita
1251 3546 1589 3632 praefectus
1639 3548 1884 3611 relictus
1935 3549 2049 3612 erit
2096 3549 2288 3612 donec
2337 3548 2401 3612 in
2450 3548 2514 3611 id

267 3676 670 3762 municipium
706 3675 990 3741 alteruter
1021 3698 1096 3739 ex
1130 3675 1199 3739 II
1233 3676 1372 3739 viris
1407 3673 1653 3750 adierit,
1689 3676 1753 3738 in
1788 3675 2077 3738 omnibus
2113 3675 2286 3738 rebus
2320 3675 2382 3737 id
2410 3677 2511 3759 jus

264 3922 512 3986 Funfzehn
549 3921 796 3970 Bonis-che
841 3921 1088 3970 Urkunden
1125 3923 1224 3986 auf
1250 3923 1352 3971 Erz
1387 3922 1488 3971 und
1520 3922 1677 3980 Stein‚
1715 3920 1859 3969 Halle
1904 3921 2059 3979 1845,
2100 3935 2147 3981 p.
2187 3920 2277 3971 64.
2316 3920 2396 3969 65.
2435 3922 2512 3970 Ct'.

265 4022 455 4071 quoque
489 4019 770 4063 IrouusuN,
805 4007 1128 4065 Stadtreffte,
1164 4023 1212 4071 p.
1249 4007 1348 4057 409
1386 4010 1488 4055 not.
1527 4008 1610 4055 45.

415 4092 447 4153 ¹)
518 4090 625 4139 Vid.
661 4092 794 4139 Stud.
832 4092 961 4140 Rom.
998 4106 1046 4155 p.
1085 4090 1210 4149 274,
1247 4088 1310 4140 75
1349 4091 1409 4140 cf.
1450 4091 1508 4139 de
1544 4090 1711 4139 iisdem
1748 4089 1891 4138 locis:
1927 4104 1961 4139 1.
1988 4102 2044 4140 Ν.
2078 4102 2281 4138 κΔυνια
2305 4090 2354 4138 in
2386 4092 2513 4153 Opu-

263 4175 411 4226 aculis
444 4175 758 4234 Academici-5,
801 4175 1021 4225 Hauniae
1059 4176 1210 4234 1834,
1255 4190 1306 4239 p.
1342 4176 1467 4233 292,
1503 4176 1620 4225 293.

405 4258 444 4322 2)
513 4258 812 4309 Monendum
848 4259 1035 4309 videtur
1071 4272 1290 4309 nmmum
1325 4260 1563 4309 dicentem
1600 4259 1809 4323 „oppida
1842 4259 1979 4308 Latio
2014 4258 2277 4323 antiquitus
2303 4258 2513 4308 donata”

263 4360 321 4395 ea
358 4359 598 4411 opponere
635 4345 820 4409 oppidis
855 4362 974 4423 quae
1017 4362 1102 4395 suo
1138 4350 1351 4412 tempore
1385 4344 1691 4395 Latinitatem
1729 4361 1755 4393 a
1792 4358 2112 4395 vnsmsuno
2149 4344 2460 4409 accipiebant.

408 4428 448 4490 3)
493 4430 654 4485 stud.
691 4430 821 4480 Rom.
861 4446 909 4494 p.
949 4429 1064 4480 297.

2192 4528 2228 4586 3
