3027 5263
1330 583 1412 644 25

247 771 518 852 Nolani,
563 773 1011 850 Bononienses,
1059 771 1438 854 Placentini,
1464 773 1800 860 Nepesini‚
1830 775 2097 854 Sutrini,
2126 772 2499 842 Lucenses.”

245 899 592 964 Discrimen
641 900 821 964 inter.
849 900 1005 964 hanc
1054 905 1115 964 et
1163 919 1352 964 PAULI
1384 899 1713 966 secundam
1749 901 2169 968 definitionem
2193 925 2318 968 non
2342 923 2499 989 opus

249 1032 345 1091 est
390 1034 460 1092 ut
507 1027 723 1092 multis
757 1027 1107 1114 explicetur.
1153 1027 1491 1114 Postquam
1517 1051 1701 1115 supra
1732 1031 2039 1096 civitatem
2062 1029 2497 1096 nonnullorum

247 1154 595 1220 universam
659 1156 724 1220 in
773 1155 1082 1220 civitatem
1130 1156 1470 1221 Romanam
1519 1157 1725 1223 venire
1773 1158 1966 1238 dixit,
2017 1159 2195 1224 hosce
2242 1157 2499 1224 munici-

250 1303 360 1368 pes
385 1283 472 1346 ita
498 1283 582 1347 ad
603 1283 913 1348 civitatem
935 1281 1276 1349 Romanam
1310 1285 1512 1349 venire
1538 1285 1627 1349 ait
1659 1291 1729 1349 ut
1761 1286 2103 1372 municipes
2134 1291 2335 1351 essent
2358 1306 2499 1350 suae

251 1409 547 1496 cuiusque
604 1410 868 1474 civitatis
898 1411 982 1493 ¹),
1032 1409 1286 1496 perinde
1327 1433 1400 1474 ac
1446 1411 1500 1474 si
1545 1411 1817 1477 indicare
1865 1413 2046 1479 vellet
2092 1435 2193 1478 eos
2239 1413 2348 1498 qui
2394 1433 2501 1498 po·

249 1539 502 1603 steriore
549 1537 688 1602 loco
739 1544 1168 1602 recenseantur
1215 1537 1525 1602 civitatem
1571 1539 1910 1605 Romanam
1958 1541 2045 1606 ita
2092 1538 2380 1624 consequi
2428 1542 2501 1604 ut

251 1665 418 1731 cives
494 1687 622 1729 esse
692 1686 834 1728 suae
899 1664 1314 1749 cuiuscunque
1379 1665 1649 1729 civitatis
1698 1689 1821 1731 non
1874 1667 2171 1732 desinant.
2268 1667 2499 1731 Eorum

243 1789 594 1878 respublica
673 1812 876 1856 revera
956 1789 1238 1856 manebat
1309 1813 1505 1876 neque
1553 1793 1621 1856 in
1669 1792 2111 1878 rempublicam
2156 1793 2498 1860 Romanam

246 1919 562 1985 transibat.
593 1918 641 2004 ²)
694 1917 835 1983 Jam
883 1918 1098 1982 monui
1149 1919 1456 1984 civitatem
1504 1919 1747 2005 plenam
1780 1921 1855 1984 iis
1886 1920 2121 2006 legibus
2154 1919 2502 2006 qualiscun-

247 2069 374 2133 que
423 2045 801 2111 condicionis
850 2045 1093 2131 oppidis
1140 2045 1406 2109 oblatam
1438 2069 1565 2110 esse
1582 2096 1601 2125 ‚
1628 2068 1812 2134 quam
1844 2047 1897 2110 si
1928 2049 2271 2133 acciperent
2302 2046 2501 2112 muni-

247 2176 418 2260 cipes
463 2175 528 2239 in
575 2174 712 2239 illas
760 2174 923 2260 leges
969 2173 1148 2237 fundi
1198 2175 1329 2239 fieri
1377 2173 1753 2241 dicebantur.
1804 2175 1903 2239 Ad
1952 2175 2133 2239 hosce
2166 2174 2503 2260 municipes

251 2302 427 2367 locus
477 2321 690 2366 cnnnn
708 2350 727 2380 ‚
776 2300 884 2386 qui
933 2301 1286 2386 ceteroquin
1336 2301 1402 2366 in
1438 2301 1551 2366 hac
1600 2301 1956 2366 definitione
1980 2323 2193 2387 parum
2216 2306 2497 2366 accurate

249 2431 498 2494 locutus
547 2436 673 2506 est,
725 2426 1069 2493 referendus
1102 2451 1229 2492 esse
1261 2429 1536 2505 videtur,
1566 2427 1674 2493 ubi
1698 2429 1787 2492 ait
1814 2428 1895 2515 ³):
1929 2429 2326 2515 „Municipes
2359 2433 2506 2494 sunt

254 2558 422 2623 cives
469 2556 730 2622 Romani
781 2578 855 2622 ex
903 2556 1258 2643 municipiis
1315 2556 1559 2643 legibus
1608 2557 1732 2621 suis
1781 2562 1842 2621 et
1889 2578 1999 2622 suo
2040 2559 2177 2645 jure
2223 2563 2502 2638 utentes3

248 2685 526 2751 muneris
598 2690 842 2748 tantum
915 2706 1054 2749 cum
1101 2684 1332 2770 populo
1378 2684 1656 2749 Romano
1705 2684 2009 2750 honorarii
2058 2685 2416 2771 participes,
2465 2706 2503 2749 a

252 2834 379 2898 quo
446 2833 697 2875 munere
761 2810 1122 2897 capessendo
1171 2810 1462 2896 appellati
1511 2811 1831 2891 videntur,
1880 2812 2069 2876 nullis
2117 2812 2254 2877 aliis
2299 2832 2504 2876 neces-

251 2937 538 3003 sitatibus
584 2960 783 3023 neque
831 2937 958 3001 ulla
1005 2935 1219 3021 populi
1266 2937 1531 3001 Romani
1577 2936 1712 3022 lege
1761 2936 2031 3001 adstricti
2080 2938 2199 3001 nisi
2233 2937 2500 3024 populus

252 3087 467 3130 eorum
541 3064 771 3128 fundus
841 3064 1038 3127 factus
1115 3061 1332 3148 est.”4)
1433 3061 1778 3126 Fatendum
1850 3070 1945 3127 est
1989 3084 2233 3127 necesse
2279 3062 2501 3142 fuisse,

252 3193 309 3257 si
355 3191 571 3277 populi
625 3191 886 3256 Romani
935 3189 1169 3276 legibus
1219 3190 1777 3277 adstringerentur,
1827 3200 1901 3257 ut
1947 3192 2127 3257 fundi
2174 3194 2391 3258 fierent
2438 3193 2505 3257 in

248 3320 452 3405 legem
523 3318 598 3382 de
656 3318 905 3381 civitate
952 3317 1137 3382 latam
1156 3343 1176 3396 ς
1225 3338 1430 3383 ΖΠΜΡΤ
1483 3326 1687 3385 tamen
1728 3319 1858 3405 jam
1905 3320 2170 3384 ostendit
2219 3340 2501 3387 cunnum

249 3469 446 3513 errare
493 3445 960 3512 contendentem
1009 3446 1063 3511 si
1105 3446 1236 3531 jam
1282 3448 1595 3513 civitatem
1643 3447 1936 3513 haberent
1981 3455 2292 3535 praeterea
2341 3470 2499 3535 opus

396 3708 432 3770 ¹)
501 3707 696 3768 Pmn,
752 3708 819 3771 (in
878 3708 1155 3769 Commeat„
1200 3710 1234 3758 1.
1268 3726 1318 3776 p.
1355 3709 1474 3773 220)
1508 3709 1754 3775 eleganter
1786 3710 1883 3775 jam
1918 3708 2070 3759 dixin
2106 3709 2209 3769 „Er
2240 3712 2352 3773 sagt
2379 3710 2500 3775 jetzt

243 3795 317 3844 ad
365 3796 482 3842 statt
531 3793 582 3841 in
634 3793 741 3841 weil
793 3793 871 3842 die
917 3794 1087 3844 Stadte
1137 3810 1300 3858 wegen
1351 3794 1481 3845 ihrer
1533 3799 1784 3861 griiszeren
1822 3793 2231 3859 Selbstandigkeit
2264 3794 2401 3846 mehr
2435 3812 2497 3847 an

247 3880 378 3930 Rom
411 3879 718 3928 herantraten
754 3879 824 3928 als
861 3878 965 3929 sich
999 3880 1136 3929 datin
1171 3880 1442 3933 verloren.”

392 3962 432 4024 2)
502 3962 624 4012 Cum
676 3962 952 4013 definitione
988 3978 1142 4014 mum
1177 3940 1384 4014 conferri
1417 3968 1650 4015 meretur:
1694 3978 1791 4018 οπο.
1826 3965 1887 4015 de
1919 3966 2028 4031 leq..
2062 3965 2132 4017 11.
2168 3965 2234 4017 az
2262 3964 2343 4016 ubi
2379 3964 2495 4031 legi-

244 4053 353 4099 turz
405 4046 640 4097 Omnibus
695 4049 1013 4115 municipibus
1067 4050 1184 4099 duas
1236 4066 1339 4100 esse
1391 4066 1561 4101 censeo
1594 4052 1807 4117 patrias,
1848 4066 1995 4102 unam
2027 4054 2259 4112 naturae,
2298 4050 2497 4102 alteram

243 4133 472 4184 civitatis.

390 4217 430 4280 ³)
499 4218 634 4269 Noct.
670 4219 778 4268 Διί.
843 4218 950 4269 Lib.
1000 4219 1078 4270 16.
1117 4218 1232 4285 Cap.
1274 4222 1354 4271 13.

383 4300 425 4364 4)
495 4302 693 4353 Frustra
744 4317 926 4364 rnrnn,
981 4304 1032 4352 in
1091 4306 1258 4355 Comm.
1312 4309 1346 4357 l.
1399 4322 1448 4371 p.
1505 4306 1619 4357 222.
1658 4306 1820 4356 locum
1855 4318 2029 4357 sunm
2062 4306 2123 4356 ad
2158 4320 2241 4355 eos
2276 4307 2492 4372 spectare

245 4386 401 4439 voluit
452 4388 534 4452 qui
565 4388 873 4439 Latinitatem
919 4390 1079 4455 adepti
1115 4394 1254 4441 erant
1285 4395 1398 4458 post
1433 4392 1588 4455 legem
1620 4392 1830 4455 Juliam,
1864 4408 1977 4444 nam
2011 4404 2225 4444 curamus
2262 4406 2341 4443 eos
2375 4389 2488 4441 toti-

217 4474 354 4547 sdem
389 4472 548 4523 verbis
584 4474 713 4525 cives
746 4472 991 4526 Romanos
1025 4474 1248 4542 appellat.
