3027 5263
1548 579 1675 641 108

490 770 723 833 toribus
769 772 1042 856 singulos
1088 771 1249 835 cives
1297 770 1631 854 appellare,
1698 790 1975 854 prensare
1994 819 2011 847 ‚
2082 771 2486 856 suffragiaque
2534 771 2615 836 ab
2664 774 2747 837 iis

492 904 696 980 petere
735 900 804 981 ¹);
859 906 1161 983 praeterea
1204 898 1453 961 fortasse
1503 897 1753 960 nomina
1802 896 2289 961 inscribebantur
2352 899 2417 962 in
2486 900 2627 963 albo
2662 902 2741 987 ²).

679 1024 894 1107 Itaque
945 1026 996 1087 si
1044 1047 1167 1087 non
1217 1024 1416 1087 adsint
1465 1024 1572 1107 qui
1622 1045 1729 1085 sua
1778 1033 1993 1108 sponte
2030 1024 2447 1107 magistratum
2484 1033 2740 1110 petant,

493 1148 680 1213 IIviri
731 1160 818 1214 est
852 1173 1184 1215 numerum
1210 1152 1609 1215 necessarium
1662 1150 1923 1235 explere3
1978 1173 2047 1214 eo
2082 1152 2449 1236 praescripta
2493 1154 2739 1236 Capitis

498 1278 580 1339 51
648 1278 945 1343 tendunt:
1011 1277 1271 1341 Jubetur
1335 1279 1494 1340 enim
1563 1277 1981 1360 „proscribere
2048 1278 2132 1340 ita
2198 1285 2269 1341 ut
2304 1278 2349 1362 3)
2425 1278 2501 1342 de
2548 1280 2742 1364 plano

496 1401 620 1487 legi
681 1407 945 1487 possint,
1001 1413 1091 1467 tot
1139 1403 1384 1467 nomina
1433 1424 1669 1477 eorum,
1724 1403 1944 1486 quibus
1992 1426 2098 1488 per
2149 1404 2302 1467 hanc
2349 1404 2547 1489 legem
2600 1429 2745 1471 eum

496 1528 786 1593 honorem
818 1542 1022 1615 petere
1055 1531 1283 1606 licebit,
1322 1536 1474 1614 quot
1506 1531 1761 1593 deerunt
1794 1530 1868 1592 ad
1899 1552 2037 1593 eum
2070 1554 2413 1608 numerum,
2449 1533 2526 1595 ad
2554 1556 2743 1616 quem

497 1658 684 1719 creari
733 1680 804 1720 ex
857 1658 967 1721 hac
1009 1658 1141 1741 lege
1190 1656 1550 1742 oportebit.’'
1600 1658 1734 1719 Hae
1769 1658 2101 1736 petitione,
2155 1667 2222 1720 ut
2256 1660 2339 1721 ita
2372 1659 2609 1736 dicam,
2644 1660 2747 1724 de·

495 1781 708 1847 sistere
755 1806 878 1847 non
929 1791 1211 1867 possunt,
1263 1784 1383 1845 nisi
1431 1782 1660 1867 singuli
1720 1782 1989 1867 singulos
2042 1784 2306 1849 eiusdem
2359 1786 2746 1849 condicionis

497 1908 851 1987 nominent,
917 1911 1136 1994 quibus
1203 1912 1422 1973 iterum
1487 1910 1693 1973 eadem
1761 1909 2017 1973 facultas
2081 1910 2280 1975 datur.
2382 1912 2553 1991 Quos
2606 1935 2749 1977 vero

499 2036 948 2101 nominaverint
1011 2040 1116 2123 qui
1185 2062 1219 2102 a
1284 2039 1635 2123 proscriptis
1708 2038 2009 2102 nominati
2081 2046 2259 2117 sunt,
2325 2040 2402 2102 iis
2450 2040 2749 2105 honorem

501 2184 772 2227 recusare
818 2164 988 2229 nullo
1047 2165 1228 2229 modo
1277 2165 1442 2229 licet.

684 2291 1070 2357 Lamnum
1119 2293 1547 2357 animadvertit
1596 2292 2099 2378 proscriptionem
2149 2292 2315 2357 illam
2364 2301 2425 2357 et
2472 2295 2749 2359 nomina-

498 2419 723 2482 tionem
771 2420 999 2485 Romae
1047 2429 1316 2506 tempore
1365 2420 1730 2504 reipublicae
1763 2427 1969 2484 notam
2006 2444 2127 2483 non
2162 2421 2344 2485 fuisse
2380 2422 2426 2505 4)
2447 2447 2466 2497 3
2509 2445 2572 2486 re
2606 2445 2746 2486 vera

501 2566 579 2609 ne
629 2547 950 2634 vestigium
1001 2532 1245 2633 quidem
1299 2548 1481 2610 huius
1540 2548 1807 2610 instituti
1858 2546 2027 2609 adest
2076 2547 2159 2610 ibi
2210 2546 2315 2609 illa
2364 2554 2594 2625 aetate3
2641 2570 2749 2613 ne·

503 2675 756 2738 cessaria
828 2677 916 2740 ibi
979 2677 1098 2740 fuit
1145 2699 1341 2760 neque
1389 2677 1749 2761 proscriptio
1814 2697 2010 2758 neque
2059 2675 2429 2751 nominati03
2496 2677 2751 2742 florente

503 2802 670 2866 enim
724 2802 1032 2888 republica
1088 2810 1257 2866 tanta
1293 2814 1418 2867 erat
1447 2804 1743 2866 honorum
1772 2802 2072 2886 cupiditas
2103 2810 2170 2864 ut
2200 2825 2278 2864 ne
2328 2803 2585 2887 cogitari
2615 2804 2750 2889 qui-

505 2928 643 2993 dem
692 2938 897 3015 posset
944 2932 1362 3016 profitentium
1410 2953 1731 2994 numerum
1780 2950 1902 2992 non
1953 2929 2346 2993 suffecturum
2394 2953 2542 2994 esse.

691 3057 916 3123 Nonne
965 3060 1155 3144 igitur
1201 3078 1569 3122 Laeonum
1618 3078 1825 3119 verum
1874 3055 2026 3118 dixit
2069 3077 2208 3118 cum
2243 3055 2744 3139 proscriptionem

505 3185 673 3250 illam
722 3194 937 3250 testem
1004 3187 1169 3251 dicat
1217 3187 1339 3264 „de
1386 3187 1446 3250 la
1495 3183 1835 3249 decadence
1894 3183 2263 3268 municipale
2329 3184 2365 3247 a
2414 3184 2746 3270 Malaga”!>

507 3309 573 3376 Si
625 3313 868 3376 omnino
919 3321 1224 3378 constaret
1271 3315 1509 3398 saepius
1558 3335 1674 3376 usu
1726 3313 1958 3375 venisse
2007 3311 2510 3395 proscriptionem
2542 3312 2747 3391 illam,

507 3439 630 3504 imo
683 3440 797 3504 hoc
846 3441 1202 3526 plerumque
1239 3441 1508 3505 Malacae
1536 3440 1826 3504 accidisse
1844 3488 1862 3516 ,
1893 3461 2035 3502 sane
2058 3437 2179 3501 tale
2204 3439 2352 3522 quid
2381 3439 2744 3504 contendere

657 3626 692 3688 ¹)
763 3626 836 3676 Cf.
871 3639 1080 3684 Lrvruu,
1117 3626 1223 3675 Lib.
1260 3627 1315 3684 8,
1354 3626 1468 3690 Cap.
1519 3627 1612 3683 35;
1646 3623 1750 3674 Lib.
1786 3627 1845 3682 4,
1882 3622 1998 3686 Cap.
2036 3623 2067 3671 6
2102 3624 2152 3670 et
2190 3633 2488 3670 cremonen
2516 3638 2607 3685 pro
2640 3623 2748 3672 Mu·

507 3724 653 3770 rena,
687 3710 806 3776 Cap.
842 3711 936 3768 36,
973 3714 1022 3759 et
1056 3711 1203 3772 Epist.
1238 3711 1304 3759 ad
1334 3712 1433 3761 Att.
1469 3713 1528 3767 4,
1572 3710 1617 3759 l.

649 3795 688 3856 2)
757 3795 828 3844 De
865 3796 954 3844 hac
989 3811 1040 3844 re
1078 3794 1293 3856 pluribus
1329 3795 1568 3841 disserunt
1613 3803 2181 3851 Βεοκη-Μηᾳωιωτ,
2216 3788 2266 3837 in
2307 3789 2394 3852 Op.
2434 3789 2471 3839 l.
2507 3789 2587 3850 11,
2624 3790 2683 3848 3,
2706 3806 2752 3854 p.

511 3879 601 3937 96,
641 3885 689 3928 et
725 3881 789 3928 H.
827 3884 953 3929 etim,
989 3881 1036 3928 iu
1087 3879 1503 3929 Commentatioue
1552 3879 1737 3936 „Ueber
1772 3877 1849 3924 die
1890 3876 2157 3924 Fortdauer
2194 3875 2293 3922 und
2326 3875 2403 3922 die
2435 3874 2757 3938 Ambtsbqsiq·

510 3965 634 4015 nisse
665 3965 753 4012 der
787 3966 1212 4026 republioam'solaeen
1251 3964 1534 4028 Maqistrate
1566 3979 1651 4010 zur
1686 3962 1787 4010 Zeit
1820 3962 1906 4008 der
1945 3959 2215 4010 Rh'misch'en
2258 3957 2491 4015 Kaiserss’
2528 3973 2650 4021 quae
2684 3957 2755 4008 in-

513 4055 639 4100 serta
675 4057 747 4099 est
783 4051 960 4099 diario:
999 4051 1386 4114 Zeitschrag'ftjiir
1420 4050 1498 4097 die
1530 4046 2169 4108 Alterlhumswissenschaft,
2206 4044 2317 4091 anni
2360 4043 2504 4092 1856.
2532 4058 2581 4106 p.
2610 4044 2723 4093 514.

651 4134 692 4198 ³)
761 4135 1112 4184 Animadvertit
1163 4147 1468 4184 nanounsse
1518 4133 1569 4181 in
1606 4132 1784 4196 Opere:
1822 4133 1897 4178 les
1936 4130 2098 4178 Tables
2133 4145 2180 4192 p.
2218 4129 2281 4177 38
2318 4132 2407 4175 not
2442 4129 2489 4176 2.
2528 4127 2672 4192 vulgo
2707 4127 2759 4176 iu

513 4223 836 4271 monumentis
871 4220 1157 4285 deprehendi
1197 4221 1310 4268 haec
1348 4219 1492 4267 verba
1531 4219 1689 4276 „unde
1724 4216 1782 4264 de
1807 4214 2004 4279 plano.'’
2074 4213 2323 4263 Eiusmodi
2348 4211 2579 4260 formulas
2604 4215 2767 4261 autem

513 4305 704 4370 saepius
753 4309 882 4354 vario
932 4305 1074 4354 modo
1127 4306 1327 4368 scriptas
1375 4304 1540 4360 video3
1576 4303 1627 4350 in
1662 4303 1766 4354 leste
1817 4301 1971 4348 Acilia
2006 4314 2052 4350 v.
2088 4314 2131 4362 g.
2174 4298 2288 4362 (vid.
2312 4311 2438 4347 ΖΕΗ.
2465 4297 2572 4348 Del.
2611 4297 2773 4348 Inscr-

514 4407 593 4443 no.
634 4391 788 4446 1679)
821 4390 1078 4457 ine-Capite
1117 4391 1204 4448 19,
1243 4389 1419 4451 legitur
1455 4388 1569 4445 „ubi
1604 4386 1660 4434 de
1698 4384 1893 4450 plano.”

653 4475 695 4540 4)
763 4476 885 4525 Vide
921 4479 1102 4526 auctor.
1139 4473 1190 4523 in
1228 4474 1352 4537 Op.:
1389 4474 1457 4522 les
1497 4472 1683 4530 Tables,
1720 4485 1769 4534 p.
1808 4469 1873 4519 39
1907 4471 2008 4519 not.
2046 4470 2095 4516 4.
