3027 5263
1565 560 1689 619 140

502 754 762 840 relinqui
785 760 1033 841 postest,
1063 753 1240 818 modo
1259 758 1581 836 antequam
1601 756 1834 815 creetur
1845 750 2144 835 juraverit
2160 749 2224 835 ¹):
2262 771 2464 834 „quae
2478 748 2763 831 IIvirum

503 883 610 965 qui
676 882 802 966 juri
871 881 1138 947 dicundo
1214 886 1449 966 praeest
1495 880 1609 943 hac
1662 878 1796 964 1636
1844 878 2040 943 facere
2089 884 2397 963 oporteat,
2448 900 2550 955 se,
2606 878 2765 941 dum

501 1006 840 1091 praefectus
887 1008 1006 1072 erit
1021 1058 1040 1087 ,
1103 1007 1420 1071 dumtaxat
1470 1027 1625 1090 quae
1675 1027 1745 1069 eo
1793 1010 2064 1091 tempore
2104 1006 2233 1069 fieri
2279 1005 2523 1089 possint
2562 1004 2762 1069 factu-

501 1153 638 1197 rum
709 1155 907 1218 neque
979 1133 1266 1197 adversus
1333 1154 1402 1197 ea
1449 1132 1749 1196 facturum
1803 1132 2095 1196 scientem
2141 1131 2279 1195 dolo
2330 1130 2555 1195 malo.”
2656 1132 2761 1195 Ex

503 1266 858 1344 argumento
923 1259 1318 1345 jurisjurandi
1395 1258 1552 1323 effici
1627 1265 1821 1343 potest
1894 1280 2074 1342 quam
2144 1258 2263 1322 late
2311 1263 2521 1343 pateat
2579 1279 2759 1343 prae-

499 1384 642 1449 fecti
687 1386 1130 1462 ministerium3
1172 1386 1340 1470 jurat
1387 1385 1553 1449 enim
1602 1406 1665 1449 se
1712 1385 2015 1449 facturum
2066 1407 2221 1469 quae
2251 1384 2521 1449 IIvirum
2552 1384 2755 1449 facere

503 1518 775 1597 oporteat
790 1539 810 1592 3
885 1514 1028 1577 hinc
1076 1511 1283 1577 eadem
1333 1534 1459 1575 esse
1507 1511 1748 1576 videtur
1796 1517 2066 1597 potestas
2114 1511 2303 1576 IIviri
2351 1520 2415 1576 et
2460 1511 2758 1597 praefecti

500 1660 613 1723 pro
676 1639 878 1703 IIviro
897 1687 916 1716 ,
976 1638 1142 1723 quod
1207 1638 1599 1703 confirmatur
1672 1638 1943 1701 clausula
2017 1638 2253 1723 Capitis
2318 1638 2430 1703 ubi
2488 1638 2565 1702 de
2616 1638 2756 1723 jure

499 1764 938 1849 praefectorum
1003 1765 1294 1829 statuitur
1314 1790 1334 1841 ς
1400 1772 1642 1829 cavetur
1691 1766 1890 1829 enim:
1943 1764 2068 1842 „Ei
2116 1764 2228 1849 qui
2276 1764 2364 1827 ita
2411 1765 2757 1849 praefectus

500 1888 746 1955 relictus
793 1890 908 1955 erit
947 1890 1140 1954 donec
1175 1891 1240 1953 in
1291 1890 1353 1953 id
1404 1892 1808 1976 municipium
1857 1892 2139 1956 alteruter
2186 1913 2266 1955 ex·
2292 1890 2507 1956 IIviris
2557 1892 2754 1957 redie-

501 2017 582 2080 rit
651 2016 719 2080 in
791 2016 1072 2081 omnibus
1144 2016 1324 2081 rebus
1395 2018 1460 2081 id
1518 2018 1616 2101 jus
1664 2040 1852 2103 eaque
1900 2024 2167 2104 potestas
2214 2018 2604 2104 esto—quod
2646 2018 2751 2103 jus

502 2165 774 2229 quaeque
845 2150 1109 2230 potestas
1169 2146 1282 2209 hac
1333 2145 1470 2230 lege
1518 2145 1733 2209 IIviris
1784 2146 1891 2229 qui
1931 2146 2057 2230 juri
2105 2144 2373 2209 dicundo
2420 2150 2749 2230 praeerunt

502 2269 739 2335 datur.’'
834 2271 1330 2336 Animadvertere
1378 2272 1516 2338 volo
1544 2321 1563 2351 ,
1615 2272 1731 2336 hoc
1778 2271 1912 2334 loco
1964 2276 2262 2335 statutum
2314 2293 2445 2335 esse
2465 2320 2484 2349 ‚
2536 2294 2749 2355 quam-

501 2397 613 2461 diu
660 2403 956 2482 potestate
1004 2398 1112 2461 illa
1159 2404 1410 2463 utantur
1430 2426 1447 2475 3
1516 2399 1859 2483 funguntur
1908 2397 2071 2461 enim
2106 2395 2620 2463 donec.alteruter
2670 2420 2746 2461 ex

501 2523 725 2587 IIviris
774 2526 844 2585 in
877 2526 1280 2609 municipium
1330 2547 1599 2588 reversus
1647 2526 1744 2588 sit.
1814 2523 1997 2604 Quod
2031 2523 2108 2587 ad
2140 2524 2336 2608 ipsam
2384 2529 2743 2608 potestatem

500 2651 939 2736 praefectorum
1021 2651 1274 2728 attinet,
1348 2651 1558 2737 regula
1607 2657 1732 2715 est:
1785 2651 2037 2716 eandem
2084 2672 2215 2714 esse
2267 2672 2338 2715 ac
2368 2649 2744 2728 IIvirorum3

499 2784 666 2874 sunt*
690 2784 892 2843 tamen
943 2779 1344 2864 exceptiones

688 2906 786 2970 Ex
850 2907 981 2994 1636
1051 2909 1086 2970 5
1155 2907 1544 2991 Digestorum
1594 2908 1665 2970 de
1710 2906 2136 2991 jurisdictione
2192 2905 2431 2991 saepius
2481 2905 2666 2969 citata
2687 2905 2737 2990 ²)

494 3032 620 3118 jam
691 3035 976 3118 sequitur.
1017 3035 1386 3120 praefectum
1435 3039 1798 3118 potestatem
1848 3056 2018 3099 suam
2067 3033 2352 3098 mandare
2402 3055 2521 3098 non
2572 3055 2742 3119 posse

502 3159 726 3246 quippe
753 3155 883 3245 =qui
948 3167 1158 3225 utatur
1207 3160 1312 3226 illa
1359 3160 1559 3226 alieno
1609 3161 1900 3226 beneficio
1920 3188 1938 3240 3
1989 3160 2245 3225 totidem
2293 3165 2497 3224 tamen
2542 3137 2742 3224 'verbis

500 3292 806 3370 praeterea
873 3287 1006 3372 leg'e
1077 3287 1444 3373 Salpensana
1493 3288 1779 3353 docemur
1828 3289 1884 3352 ei
1931 3309 2057 3351 non
2104 3293 2445 3373 competere
2492 3284 2737 3350 faculta-

498 3417 624 3476 tem
671 3411 958 3498 praefecti
1006 3412 1388 3498 relinquendi
1413 3415 1480 3500 3).
1544 3415 1825 3494 Quocum
1874 3413 2190 3480 convenire
2242 3412 2523 3477 videntur
2563 3411 2735 3478 verba

646 3615 679 3674 ¹)
747 3616 905 3665 Erunt
957 3615 1036 3680 qui
1092 3616 1461 3682 disputationem
1498 3617 1555 3664 de
1586 3617 1695 3680 jure
1724 3616 1934 3680 jurando
1970 3616 2112 3664 huius
2148 3614 2244 3664 loci
2279 3629 2376 3662 non
2411 3629 2511 3663 esse
2548 3617 2740 3663 conten·

502 3699 643 3758 dant,
697 3716 933 3768 supraque
977 3701 1060 3756 ubi
1108 3701 1166 3750 de
1201 3701 1442 3765 requisitis
1480 3701 1527 3750 in
1568 3717 1771 3767 persona
1808 3700 2032 3764 praefecti
2085 3699 2247 3763 agitur
2278 3714 2384 3748 eam
2418 3698 2741 3748 collocandam

499 3783 642 3834 fuisse
677 3789 862 3850 putent.
904 3786 1039 3836 Idem
1077 3801 1172 3835 nou
1208 3802 1402 3844 censeo;
1442 3787 1511 3834 uti
1553 3786 1677 3835 enim
1708 3785 2046 3850 jusjurandum
2082 3784 2264 3849 Capitis
2303 3784 2367 3832 59
2418 3784 2630 3833 conditio
2673 3789 2742 3833 est

501 3869 779 3928 candidatu,
834 3874 889 3919 ut
937 3873 1087 3920 creari
1136 3872 1286 3936 possit
1322 3872 1656 3934 magistratus,
1695 3871 1785 3929 ita,
1827 3874 1880 3918 ut
1914 3870 2181 3935 praefectus
2217 3867 2518 3932 relinquatur
2552 3884 2740 3934 prorsus

503 3968 690 4002 necesse
725 3956 798 4001 est
831 3957 886 4002 ut
933 3955 1089 4018 juret,
1138 3956 1264 4019 quod
1300 3957 1402 4020 ipsa
1438 3955 1557 4018 legis
1594 3955 1737 4004 verba
1772 3954 1983 4004 indicare
2019 3954 2267 4004 videntur:
2307 3955 2391 4012 „et
2426 3968 2536 4003 cum
2574 3954 2639 4002 ita
2666 3953 2740 4018 ju-

502 4037 678 4087 raverit
711 4039 1003 4102 praefectum
1039 4055 1146 4088 cum
1185 4040 1286 4104 ejus
1323 4041 1571 4105 municipii
1607 4039 1917 4103 relinquito.”

643 4121 681 4184 ²)
751 4121 824 4170 of.
861 4123 1013 4187 legem
1052 4125 1078 4171 5
1117 4125 1176 4174 D.
1213 4141 1288 4189 pr.
1322 4126 1381 4172 de
1415 4125 1577 4188 qffi'cio
1612 4125 1689 4173 cui
1722 4125 1880 4188 mand.
1916 4121 2093 4184 (1.21.)

641 4203 681 4268 ³)
750 4207 878 4256 Hinc
912 4221 1190 4266 nnuman,
1245 4210 1543 4258 Stadtreokte
1577 4223 1627 4273 p.
1662 4209 1762 4256 449
1800 4211 1886 4256 not
1924 4207 2021 4258 174
2058 4206 2217 4255 effecit
2252 4205 2295 4254 ei
2331 4220 2519 4270 quoque
2561 4207 2743 4257 comiti·

502 4305 640 4340 orum
674 4289 1002 4343 habendorum
1037 4297 1322 4358 potestatem
1358 4294 1500 4343 fuisse
1537 4294 1844 4358 denegatam3
1895 4293 2053 4341 nescio
2090 4307 2183 4355 quo
2215 4291 2349 4354 jure3
2388 4290 2617 4340 mandare
2650 4291 2741 4340 sal-

501 4378 598 4426 tem
634 4375 730 4426 dici
753 4378 918 4442 nequit
950 4381 1230 4442 potestatem
1255 4378 1521 4443 praefectus
1548 4379 1630 4443 qui
1653 4378 1860 4441 aliquem
1886 4393 1912 4426 a
1942 4376 2122 4441 populo
2157 4375 2490 4440 magistratum
2514 4374 2743 4434 electum,

501 4463 711 4512 creatum
749 4462 1007 4512 renuntiat.
