3027 5263
1562 564 1689 625 166

676 760 834 823 Sunt
857 758 965 845 qui
993 757 1364 823 contendant
1389 756 1631 842 praedia
1658 777 1893 840 semper
1918 754 2259 841 subsignari
2286 776 2321 817 a
2332 754 2667 835 praedibus
2684 755 2749 838 ¹),

498 887 662 973 quod
711 894 914 951 tamen
965 894 1197 971 pugnat
1245 907 1382 949 cum
1435 881 1905 960 fontibuS,nam
1940 882 2183 967 saepius
2216 882 2555 946 debitorem
2586 882 2755 967 prin-

500 1014 750 1101 cipalem
803 1014 1046 1100 praedia
1095 1013 1236 1077 dare
1286 1012 1558 1077 videmus
1590 1011 1674 1095 2);
1748 1010 1871 1073 11110
1922 1009 2186 1074 illatam
2237 1009 2311 1074 ab
2362 1032 2431 1073 eo
2482 1032 2665 1095 quam
2718 1033 2753 1073 a

501 1142 720 1228 praede
768 1142 1110 1227 subsignari
1180 1140 1360 1204 solita
1408 1139 1593 1203 fuisse
1643 1137 1909 1223 probant
1973 1157 2237 1203 senona
2284 1158 2626 1203 Bomessra
2678 1138 2756 1202 ad

501 1291 856 1335 CICERONEM
885 1271 966 1355 ³),
1025 1268 1132 1333 ubi
1181 1268 1436 1353 legitur:
1538 1266 1667 1345 „Et
1716 1265 2117 1351 subsignandi
2168 1265 2314 1330 haec
2346 1266 2583 1330 solebat
2616 1289 2755 1331 esse

496 1420 674 1462 causa
725 1404 792 1461 ut
859 1408 964 1461 aut
1029 1396 1137 1480 qui
1205 1393 1525 1479 vectigalia
1588 1392 1905 1457 redimeret
1971 1398 2075 1455 aut
2141 1392 2249 1476 qui
2306 1414 2416 1477 pro
2466 1394 2751 1479 mancipe

492 1524 878 1611 vectigalium
927 1523 1110 1588 fidem
1158 1544 1329 1587 suam
1378 1522 1789 1606 interponeret
1836 1520 1967 1584 loco
2018 1519 2291 1605 pignoris
2338 1520 2584 1605 praedia
2635 1543 2750 1585 sua

485 1653 856 1739 reipublicae
907 1649 1311 1737 obligarent.”

680 1782 896 1867 Itaque
963 1786 1202 1845 constat
1264 1801 1300 1842 a
1349 1776 1621 1842 debitore
1680 1774 2001 1861 principali
2052 1776 2177 1840 sive
2228 1800 2261 1839 a
2311 1776 2532 1861 praede
2582 1800 2753 1862 prae·

499 1908 600 1972 dia
645 1930 1048 1993 nonnunquam
1095 1905 1466 1991 subsignari,
1520 1926 1603 1967 sc.
1657 1908 1789 1967 tum
1840 1904 2121 1983 demum,
2175 1904 2228 1967 si
2276 1904 2603 1989 praedibus
2632 1929 2753 1970 ma-

495 2035 776 2121 gistratui
825 2034 970 2099 satis
1019 2040 1262 2097 cautum
1315 2055 1438 2095 non
1485 2054 1610 2095 esse
1662 2030 1937 2097 videatur
1971 2031 2039 2115 4).
2120 2032 2271 2095 Inde
2321 2034 2518 2097 oritur
2566 2056 2767 2119 quae·¹

497 2164 652 2243 stio,
727 2186 882 2249 quae
930 2184 1135 2227 ansam
1189 2160 1360 2225 dedit
1409 2182 1646 2224 summo
1694 2160 2024 2239 dissensui,
2078 2162 2182 2246 qui
2232 2161 2338 2225 fiat
2388 2170 2457 2227 ut
2508 2163 2758 2248 praedia

494 2291 601 2356 illa
674 2292 956 2377 majorem
1035 2290 1418 2355 securitatem
1469 2288 1678 2354 afferre
1752 2299 2032 2374 possent3
2109 2312 2372 2374 quocum
2424 2292 2758 2377 conjuncta

499 2426 587 2483 est
637 2419 757 2484 alia
805 2418 1120 2504 quaestio:
1172 2424 1377 2482 utrum
1427 2416 1879 2502 subsignatione
1929 2418 1992 2482 in
2026 2418 2288 2503 praediis
2339 2420 2755 2484 constituatur

499 2546 617 2611 alia
665 2553 846 2634 atque
894 2569 1050 2609 nova
1099 2544 1392 2631 obligatio
1441 2566 1651 2609 necne.

679 2677 888 2740 Pauca
935 2675 1009 2739 de
1060 2675 1173 2739 hoc
1222 2680 1581 2759 argumento
1633 2679 1778 2738 sunt
1840 2674 2194 2739 testimonia
2242 2681 2547 2754 veterum3
2600 2700 2753 2762 pau·

498 2802 738 2867 cissima
787 2826 820 2866 a
867 2803 1015 2867 Ictis
1062 2802 1325 2888 profecta
1341 2829 1360 2882 3
1415 2824 1485 2866 eo
1535 2801 1719 2887 plura
1768 2801 1843 2866 de
1892 2800 1998 2865 illo
2048 2810 2250 2866 nostra
2302 2809 2497 2867 aetate
2547 2827 2756 2870 recen·

494 2932 679 2996 tiores
729 2939 1002 2996 auctores
1053 2930 1557 3016 disputaverunt,
1609 2953 1761 3014 quos
1811 2953 2018 2994 omnes
2062 2932 2197 3016 jure
2244 2951 2463 2994 mvme
2512 2933 2591 2996 ad
2628 2939 2754 2998 tres

492 3060 710 3125 classes
787 3057 1042 3122 rettulit.
1142 3058 1447 3123 Nonnulli
1513 3058 1713 3137 enim,
1768 3059 1925 3122 inter
1984 3081 2135 3142 quos
2194 3059 2491 3144 imprimis
2552 3063 2755 3126 nomi-

494 3186 686 3251 nandi
736 3191 880 3250 sunt
945 3205 1313 3250 nunculium
1346 3185 1394 3270 ³)
1451 3192 1510 3250 et
1559 3206 1813 3250 wamma
1846 3187 1933 3268 ⁶),
1985 3186 2421 3272 rempublicam
2470 3189 2753 3274 praedio·

631 3439 664 3500 ¹)
741 3438 860 3486 Vide
897 3451 1180 3495 mommsen,
1217 3437 1512 3488 Stadtreohte
1552 3455 1599 3502 p.
1638 3437 1754 3490 471.
1793 3439 1914 3488 Cum
1952 3444 2113 3490 autem
2150 3440 2199 3488 in
2246 3441 2367 3507 Cap.
2392 3443 2457 3492 60
2482 3444 2601 3507 legis
2626 3445 2754 3495 Mal.

489 3524 690 3574 totidem
727 3523 887 3572 verbis
926 3523 1111 3571 dicatur
1147 3523 1204 3570 ab
1237 3523 1340 3586 ipso
1379 3523 1633 3572 candidato
1671 3525 1861 3588 praedia
1899 3526 2047 3596 exig-i,
2088 3525 2254 3574 statuit
2281 3543 2627 3593 nonnunquam
2648 3533 2755 3580 loco

491 3609 722 3675 praedam
758 3608 1024 3656 debitorem
1077 3607 1390 3672 principalem
1426 3609 1617 3672 praedia
1656 3609 1933 3673 subsignare
1947 3629 1959 3666 3
2000 3611 2077 3670 (cf.
2114 3626 2300 3674 quoque
2336 3625 2458 3660 1111111
2498 3615 2545 3662 111
2588 3615 2677 3678 Op.
2717 3619 2753 3665 I.

489 3712 538 3760 p.
577 3695 672 3743 365
714 3698 796 3742 not
832 3694 905 3753 3),
945 3692 1070 3756 quod
1113 3697 1270 3740 tamen
1309 3709 1402 3740 non
1443 3695 1673 3742 convenit
1710 3710 1817 3742 curn
1855 3695 1971 3758 legis
2008 3695 2191 3754 verbis,
2229 3712 2337 3744 nam
2362 3695 2508 3758 jan-ta
2547 3701 2754 3763 praedes

493 3779 684 3845 praedia
720 3795 748 3827 a
785 3778 1040 3826 candidato
1078 3777 1252 3826 dantur
1289 3777 1337 3825 in
1377 3778 1547 3840 Capite
1584 3779 1665 3829 60.

635 3865 672 3926 2)
747 3863 860 3912 Vide
897 3863 988 3927 leq.
1027 3863 1204 3913 l’uteol.
1243 3861 1323 3910 ubi
1361 3863 1559 3912 diciturz
1602 3864 1731 3928 „Qui
1764 3865 2041 3923 redemerit,
2081 3866 2278 3930 praedes
2326 3868 2438 3916 dato
2461 3871 2756 3936 praediaque

487 3947 816 4013 subsignato.”
841 3947 910 3995 cf.
939 3963 1126 4010 quoque
1152 3946 1302 4010 legem
1337 3949 1573 4010 agrariam
1600 3949 1752 4013 Caput
1786 3950 1865 4000 51.
1898 3953 1946 3997 et
1966 3950 2244 4013 praesertim
2264 3951 2356 4017 leg.
2380 3953 2498 4004 Mal.
2520 3955 2637 4020 Cap.
2668 3958 2752 4007 60.

628 4032 667 4095 3)
736 4033 794 4081 111
837 4032 1066 4081 Oratione
1097 4047 1188 4094 pro
1225 4033 1420 4090 Flacca,
1460 4033 1580 4097 Cap.
1617 4033 1734 4082 32.4

625 4114 668 4179 ⁴)
738 4118 883 4166 Errat
918 4116 1070 4180 igitur
1107 4130 1231 4166 unm
1287 4133 1395 4166 cum
1449 4117 1566 4168 dicit
1602 4119 1649 4166 111
1693 4119 1778 4182 Op.
1818 4119 1849 4171 l.
1886 4137 1932 4184 p.
1971 4120 2098 4170 3652
2148 4121 2273 4180 „Zur
2308 4123 2578 4174 Sicherhcit
2614 4126 2755 4176 hatte

482 4204 618 4268 jeder
653 4218 792 4265 praes
845 4203 973 4251 seit-,e
1012 4202 1368 4252 werthvollsten
1404 4229 1473 4242 --
1526 4204 1847 4269 Besitzungen
1884 4231 1952 4242 -·--
2005 4207 2345 4271 anzugeben‚”
2382 4209 2580 4272 perinde
2618 4228 2676 4261 ae
2713 4212 2755 4261 si

488 4305 698 4356 semper,
737 4287 880 4336 etiam
917 4303 1026 4337 cum
1062 4288 1316 4354 praedibus
1353 4289 1470 4362 safls
1505 4295 1697 4340 cautum
1713 4290 1813 4354 jam
1832 4295 1978 4350 esset,
2020 4292 2211 4357 praedia
2230 4293 2499 4360 subsignari
2518 4295 2753 4348 solerent.

635 4372 674 4435 ⁵)
747 4374 804 4422 In
846 4372 932 4435 Op.
969 4375 1003 4424 l.
1042 4375 1098 4432 2,
1140 4391 1186 4440 p.
1227 4375 1340 4424 580.

634 4457 674 4522 ⁶)
743 4458 802 4508 In
845 4457 928 4523 Op.
969 4459 1003 4508 l.
1043 4460 1088 4517 2,
1127 4476 1176 4525 p.
1215 4460 1310 4508 233
1349 4464 1450 4509 not.
1489 4461 1580 4520 39;
1637 4462 1695 4511 de
1732 4461 1901 4512 ceteris
1941 4462 2047 4512 vide
2084 4475 2260 4512 arvum
2295 4464 2345 4513 in
2386 4467 2473 4528 Op.
2508 4467 2543 4516 l.
2580 4483 2633 4532 p.
2673 4467 2756 4520 77.
