3027 5263
1307 593 1428 655 15⁷

429 786 671 853 Etenim
737 786 813 852 de
860 793 1130 873 tempore
1175 786 1419 851 locutus
1467 809 1602 850 sum
1654 808 1775 871 quo
1826 786 2089 851 maxime
2154 785 2495 851 usitabatur

241 916 445 980 cautio
478 914 803 1001 praedibus
839 914 1254 1001 praediisque3
1310 914 1649 999 antiquitus
1686 936 1823 978 vero
1852 936 2062 979 omnes
2088 912 2493 1000 obligationes

237 1043 521 1129 publicae
553 1050 756 1121 erant,
806 1044 848 1107 i.
879 1066 932 1109 e.
985 1043 1345 1108 auctoritate
1394 1041 1606 1127 populi
1654 1042 2143 1125 perficiebantur.
2199 1042 2274 1106 In
2327 1042 2494 1107 omni

238 1170 448 1235 debito
497 1170 943 1248 contrahendo,
995 1170 1160 1255 quod
1209 1169 1356 1233 olim
1404 1169 1586 1233 fiebat
1636 1192 1791 1233 nexu
1844 1170 1885 1233 i.
1912 1192 1963 1233 e.
2019 1174 2333 1234 contractu
2383 1192 2491 1255 per

241 1322 343 1363 aes
409 1304 470 1362 et
533 1296 749 1362 libram
801 1298 900 1363 cui
950 1296 1312 1362 accedebant
1365 1300 1400 1361 5
1453 1304 1639 1362 testes
1691 1298 1853 1362 cives
1901 1297 2166 1362 Romani
2216 1304 2275 1361 et
2324 1296 2490 1362 libri-

240 1449 428 1510 pens,
479 1426 692 1511 populi
741 1427 1064 1491 auctoritas
1097 1424 1482 1510 spectabatur
1515 1425 1577 1509 ¹).
1628 1426 1876 1489 Praeter
1910 1425 2017 1489 has
2052 1425 2452 1509 obligationes
2474 1477 2491 1505 ,

241 1575 395 1636 quas
445 1574 820 1619 ΖΙΜΜΕΒΜΔΝ
870 1560 1028 1618 recte
1079 1554 1232 1617 dicit
1280 1552 1553 1639 publicas
1603 1552 2020 1637 privatorum,
2076 1553 2196 1617 alia
2245 1553 2489 1639 publica

242 1680 536 1766 obligatio
587 1681 756 1746 adest
805 1704 888 1746 sc.
942 1705 1012 1746 ea
1060 1682 1126 1745 in
1163 1702 1282 1767 qua
1331 1679 1915 1766 populusicreditor
1964 1681 2215 1745 exsistit.
2269 1681 2490 1747 Primis

241 1808 618 1894 temporibus
653 1809 934 1874 omnibus
962 1807 1473 1895 obligationibu8‚
1505 1807 1731 1893 quippe
1758 1828 1911 1890 quae
1944 1806 2222 1893 publicae
2254 1815 2488 1888 essent,

241 1936 493 2023 praedes
540 1937 851 2001 accessisse
897 1943 1084 2022 puto;
1119 1941 1331 2022 postea
1363 1942 1564 1999 autem
1602 1957 1739 1999 cum
1772 1935 2176 2019 obligationes
2210 1936 2490 2021 publicae

237 2064 612 2150 privatorum
701 2070 982 2128 naturam
1061 2086 1230 2127 suam
1281 2062 1586 2148 publicam
1652 2062 2035 2140 amitterent,
2120 2062 2488 2149 reipublicae

240 2198 480 2254 tantum
531 2190 778 2276 praedes
826 2190 1143 2255 dabantur.
1244 2191 1340 2254 Ex
1388 2190 1464 2254 iis
1515 2213 1658 2253 sane
1709 2212 1863 2274 quae
1913 2189 2054 2253 olim
2096 2189 2489 2256 obtinuerunt

242 2320 472 2382 mentio
499 2319 784 2403 praedum
814 2320 1049 2405 privato
1098 2318 1372 2383 datorum
1403 2341 1437 2382 a
1466 2338 1619 2381 GAIO
1648 2318 1807 2381 facta
1832 2317 2185 2403 explicanda
2213 2318 2451 2383 videtur
2467 2346 2484 2398 ;

238 2455 512 2529 tempore
561 2469 695 2509 vero
745 2468 866 2531 quo
916 2446 978 2509 in
1031 2468 1144 2511 usu
1193 2445 1311 2510 fuit
1363 2446 1565 2510 cautio
1614 2445 1752 2524 illa,
1814 2445 2034 2531 privati
2068 2443 2182 2510 sibi
2217 2446 2376 2511 inter
2424 2470 2485 2513 se

239 2594 366 2638 non
417 2572 708 2638 cavebant
756 2573 1083 2659 praedibus
1131 2573 1551 2660 praediisque,
1608 2571 1953 2658 ubicunque
1988 2583 2186 2638 autem
2224 2574 2489 2660 populus

239 2701 504 2767 creditor
555 2702 792 2766 exsistit
841 2701 927 2766 ibi
977 2724 1220 2786 quoque
1271 2703 1471 2766 cautio
1522 2701 1627 2764 illa
1676 2701 2164 2786 deprehenditur.

435 2829 605 2892 Haec
654 2829 856 2893 omnia
908 2830 1344 2894 confirmantur
1397 2851 1508 2892 usu
1560 2836 1620 2893 et
1654 2829 1900 2892 historia
1935 2829 2125 2914 ipsius
2154 2830 2487 2911 cautionis3

238 2956 465 3022 etenim
518 2981 589 3020 ex
651 2958 782 3042 ipsa
847 2957 980 3042 lege
1045 2957 1410 3021 Malacitana
1459 2957 1804 3021 cautionem
1859 2957 2146 3040 praestari
2204 2965 2488 3044 apparet,

235 3094 376 3149 tum
427 3108 462 3148 a
511 3085 830 3150 candidato
878 3085 1174 3149 IIviratus
1222 3093 1284 3150 et
1317 3091 1672 3170 quaesturae
1698 3085 1805 3170 qui
1833 3085 2154 3170 pecuniam
2183 3085 2491 3171 publicam

234 3223 459 3281 tractet
515 3238 765 3300 eamque
813 3215 1037 3280 salvam
1073 3215 1198 3280 fore
1234 3222 1474 3294 caveat,
1519 3215 1686 3302 (Cap.
1728 3218 1837 3299 60)
1875 3222 2009 3279 tum
2044 3238 2078 3279 a
2110 3215 2490 3302 redemptore

236 3342 625 3427 vectigalium
654 3343 934 3428 ultroque
959 3343 1328 3408 tributorum
1348 3344 1454 3430 qui
1481 3342 1854 3428 reipublicae
1880 3348 2088 3408 caveat
2107 3365 2169 3406 se
2190 3366 2488 3409 summam

236 3469 593 3556 promissam
631 3470 974 3536 soluturum
1009 3471 1103 3536 vel
1135 3493 1288 3557 opus
1315 3479 1660 3558 susceptum
1689 3478 2074 3557 peracturum
2116 3471 2290 3556 (Cap.
2332 3475 2482 3558 63),

234 3603 546 3684 praeterea
595 3597 941 3683 ubicunque
991 3599 1130 3683 quis
1181 3604 1456 3663 narratur
1505 3599 1855 3663 contrahere
1906 3620 2043 3662 curn
2070 3598 2296 3684 populo
2324 3599 2489 3666 hunc

238 3723 452 3789 eodem
489 3725 668 3789 modo
719 3747 926 3790 cavere
979 3726 1268 3790 videmus.
1322 3726 1386 3790 Is
1434 3725 1541 3810 qui
1568 3747 1623 3788 v.
1653 3749 1711 3810 g.
1751 3724 1983 3789 emebat
2010 3747 2043 3789 a
2070 3725 2297 3811 populo
2323 3749 2489 3811 prae-

239 3853 348 3916 des
376 3851 514 3915 dare
561 3851 926 3937 praediaque
975 3853 1329 3939 subsignare
1378 3851 1732 3930 tenebatur,
1782 3853 1955 3918 cuius
1987 3853 2072 3917 rei
2124 3853 2487 3921 documento

239 3986 334 4045 est
385 3979 482 4043 lex
531 3979 762 4064 agraria
796 3981 887 4065 ²),
963 3981 1012 4045 is
1062 4002 1306 4066 quoque
1382 3980 1487 4063 qui
1540 3985 1811 4044 mutuam
1865 3979 2143 4045 sumebat
2192 3983 2487 4067 pecuniae

388 4269 421 4332 1)
494 4270 610 4317 Vide
665 4284 900 4319 nuscum-2
957 4271 1001 4318 in
1060 4271 1242 4336 Opere:
1311 4271 1448 4320 Ueber
1499 4272 1585 4321 das
1622 4271 1773 4320 Rea-ht
1805 4272 1888 4320 des
1933 4273 2107 4322 Nexum
2145 4273 2245 4322 und
2274 4274 2360 4322 das
2393 4277 2490 4324 alle

236 4355 484 4406 Rb‘mische
517 4355 844 4413 Schuldrecht,
883 4355 1078 4419 Leipzig
1114 4355 1263 4404 1846.
1303 4371 1348 4420 p.
1387 4355 1416 4405 7
1426 4359 1537 4406 -9.

381 4439 423 4502 ²)
496 4437 609 4488 Vide
629 4439 750 4504 Cap.
769 4439 832 4488 20
852 4443 899 4489 et
921 4441 982 4488 35
1004 4439 1149 4506 leqis;
1184 4441 1242 4491 cf.
1281 4455 1467 4506 quoque
1504 4442 1661 4509 Caput
1696 4441 1780 4494 21.
1806 4442 1933 4508 apud
1960 4456 2084 4492 zum.
2107 4445 2213 4496 Del.
2234 4444 2484 4496 InscrsnO.

237 4523 392 4580 1678.
