3027 5263
1581 569 1665 628 58

492 763 650 828 illud
697 763 913 828 incolis
959 783 1090 828 non
1133 763 1482 848 imponatur
1529 760 1625 826 hjs
1672 759 1947 846 legibue,
1998 760 2348 826 continetur
2378 767 2583 826 tamen
2609 762 2740 849 pla-

495 891 692 956 citum
757 891 972 976 Capite
1023 892 1108 954 69
1184 889 1340 976 legis
1412 887 1561 952 Mal.
1609 886 1773 951 unde
1826 884 2223 972 probabiliter
2269 887 2539 952 officium
2587 888 2749 954 illud

495 1018 570 1082 iis
619 1017 970 1084 incubuisse
1017 1017 1328 1083 discimus·
1408 1017 1668 1100 Neque,
1720 1014 1773 1078 si
1820 1037 2062 1101 prorsus
2107 1016 2269 1081 nihil
2300 1016 2376 1082 de
2425 1017 2539 1081 hac
2581 1016 2747 1082 rein

494 1145 628 1231 lege
677 1148 802 1211 sive
875 1147 1240 1212 Malacitana
1305 1145 1435 1210 sive
1501 1144 1871 1230 Salpensana
1917 1144 2361 1231 praescriptum
2422 1150 2619 1224 esset,
2666 1145 2746 1210 de

492 1271 602 1336 illo
650 1272 934 1338 dubitare
981 1273 1220 1351 liceret,
1268 1293 1412 1336 nam
1459 1275 1695 1336 constat
1736 1271 1891 1355 juris
1939 1271 2238 1357 generalis
2286 1271 2478 1337 fuisse
2509 1273 2579 1336 in
2610 1294 2745 1338 mu-

492 1401 772 1486 nicipiis,
826 1401 1054 1466 incolas
1097 1399 1382 1466 omnibus
1431 1398 1785 1464 muneribus
1832 1421 2021 1484 aeque
2054 1422 2123 1464 ac
2174 1399 2518 1486 municipes
2562 1399 2745 1486 fungi

493 1526 710 1592 debere
741 1528 803 1614 ¹).
901 1528 1076 1594 Idem
1124 1548 1368 1613 quoque
1417 1549 1492 1592 ex
1539 1525 1674 1612 lege
1724 1525 2097 1591 Malacitana
2146 1548 2433 1612 apparere
2465 1527 2735 1605 videtur,

494 1653 692 1737 agitur
739 1655 904 1720 enim
953 1656 1019 1720 in
1069 1654 1282 1738 Capite
1334 1657 1416 1718 69
1438 1700 1459 1730 ‚
1516 1653 1607 1717 uti
1656 1659 1822 1738 patet
1870 1675 1947 1718 ex
1994 1652 2295 1730 Rubria,
2342 1653 2466 1732 „de
2508 1653 2745 1739 judicio

491 1781 783 1866 pecuniae
832 1782 1168 1846 communis
1187 1778 1245 1858 ,³³
1294 1780 1669 1865 permittitur
1715 1779 1944 1846 ibidem
1992 1781 2229 1845 actione
2278 1781 2617 1867 municipes
2650 1780 2746 1846 vel

491 1906 726 1971 incolas
797 1908 1109 1974 conveniri
1176 1907 1340 1994 quod
1413 1908 1547 1992 ipsa
1617 1907 1769 1994 legis
1833 1907 2015 1972 verba
2063 1908 2381 1974 manifesto
2423 1909 2741 1989 indicant,

490 2039 638 2098 suut
710 2035 911 2101 enim:
983 2035 1216 2117 „Quod
1285 2034 1665 2120 municipum
1737 2034 2057 2121 municipii
2127 2035 2325 2100 Flavii
2379 2035 2744 2100 Malacitani

492 2159 738 2226 nomine
801 2169 1042 2247 petetur
1103 2160 1182 2228 ab
1245 2185 1318 2226 eo
1365 2161 1476 2246 qui
1524 2161 1651 2226 eius
1728 2161 2045 2246 municipii
2108 2161 2421 2246 municeps
2467 2162 2745 2228 incoleve

495 2287 614 2352 erit
629 2285 694 2367 ;’'
741 2289 909 2374 quod
959 2289 1011 2353 si
1059 2288 1430 2354 attendimus
1477 2289 1557 2352 ad
1604 2287 1935 2353 Rubricam
1979 2288 2100 2373 jam
2150 2287 2455 2354 laudatam
2504 2289 2749 2374 Capitis

496 2417 580 2478 69
657 2422 718 2479 et
795 2416 874 2480 ad
939 2421 1293 2482 contextum
1355 2417 1540 2480 huius
1614 2415 1851 2500 Capitis
1923 2415 2146 2480 collato
2217 2423 2476 2502 utroque
2528 2416 2746 2502 Capite

494 2540 767 2627 proxime
831 2542 1244 2622 antecedenti,
1321 2541 1429 2606 ubi
1500 2542 1580 2606 iis
1625 2547 1944 2628 praecepta
1992 2542 2216 2616 dantur
2262 2543 2374 2628 qui
2419 2544 2743 2630 pecuniam

495 2668 804 2755 publicam
876 2678 1088 2736 tenent
1143 2670 1337 2756 deque
1409 2670 1745 2735 rationibus
1794 2670 1868 2735 ab
1919 2671 1995 2735 iis
2042 2671 2364 2737 reddendis
2414 2674 2619 2758 agitur
2647 2674 2699 2760 ²)
2718 2724 2738 2754 ,

496 2796 887 2862 manifestum
936 2804 1024 2861 est
1073 2798 1189 2863 hoc
1238 2797 1450 2882 Capite
1498 2797 1800 2863 actionem
1850 2797 1981 2863 dari
2012 2806 2222 2863 contra
2269 2822 2373 2863 eos
2422 2800 2530 2885 qui
2552 2822 2740 2887 nego-

499 2924 658 2989 tium
705 2924 1021 3010 publieum
1071 2925 1402 3011 gesserint,
1449 2925 1681 3009 quique
1728 2931 1871 3009 post
1932 2924 2195 2989 rationes
2242 2925 2512 2991 redditas
2552 2926 2621 2990 in
2668 2950 2743 2993 ea

495 3052 846 3118 conditione
918 3059 1063 3117 sunt
1133 3060 1204 3117 ut
1269 3052 1507 3118 actione
1572 3051 1882 3117 conveniri
1930 3052 2167 3140 possint
2213 3076 2367 3137 quae
2414 3054 2611 3119 cuivis
2660 3054 2740 3121 de

495 3179 728 3266 populo
771 3180 1156 3246 concedatur.
1241 3180 1396 3245 Inde
1415 3230 1434 3260 ,
1487 3201 1585 3243 me
1627 3178 1872 3263 judice,
1936 3179 2249 3265 perspicue
2312 3187 2562 3266 apparet
2610 3188 2735 3247 tam

494 3306 914 3393 municipibus
965 3328 1148 3393 quam
1195 3306 1414 3372 incolis
1459 3306 1709 3393 negotia
1755 3307 1879 3371 sive
1928 3329 2181 3372 munera
2210 3306 2463 3393 publica
2488 3307 2536 3395 8)
2570 3331 2741 3374 man·

494 3432 630 3499 dari
673 3435 964 3520 potuisse.

681 3562 781 3627 De
831 3562 1008 3627 variis
1056 3562 1442 3643 muneribus,
1491 3584 1649 3648 quae
1697 3561 1933 3627 civibus
1984 3563 2045 3629 in
2080 3563 2431 3649 municipiis
2457 3563 2742 3629 mandari

493 3696 812 3775 poterant,
882 3698 1086 3757 tacent
1132 3692 1256 3757 fere
1303 3692 1468 3778 leges
1513 3691 1792 3770 Flaviae3
1860 3692 1926 3755 in
1978 3691 2191 3778 Capite
2242 3694 2327 3755 68
2377 3691 2532 3778 legis
2580 3692 2739 3757 Mal.

492 3822 697 3882 temen
762 3820 990 3885 mentio
1061 3822 1132 3885 fit
1204 3827 1479 3885 actorum
1554 3818 1872 3904 municipii
1936 3819 2061 3884 sive
2132 3825 2529 3905 patronorum
2596 3842 2740 3885 cau-

639 4148 674 4210 ¹)
745 4147 835 4197 vid
873 4148 962 4211 leg.
1003 4150 1028 4196 1
1068 4151 1116 4196 et
1153 4149 1200 4198 5.
1236 4148 1354 4197 Cod.
1389 4148 1450 4197 de
1483 4162 1611 4196 mun.
1648 4150 1695 4195 et
1726 4146 1845 4209 ονί9.
1882 4144 1986 4207 (10.
2023 4145 2134 4205 38),
2172 4147 2221 4193 et
2244 4145 2339 4206 leg.
2364 4146 2421 4201 5,
2462 4146 2509 4193 6.
2534 4144 2653 4194 eod.
2680 4146 2744 4195 de

489 4231 658 4282 incolis
692 4236 739 4281 et
772 4234 854 4281 ubi
889 4235 992 4297 quis
1026 4233 1127 4294 (10.
1131 4234 1232 4293 39).
1267 4232 1470 4283 addatur
1507 4243 1659 4281 uuus
1687 4231 1737 4279 in
1772 4230 1876 4294 lege
1913 4230 1975 4279 29
2013 4230 2073 4279 D.
2108 4230 2177 4277 ad
2207 4246 2283 4277 mu
2286 4228 2452 4289 n..(50
2459 4229 2526 4290 1.)
2551 4228 2604 4277 iu
2628 4230 2743 4280 fine.

634 4316 674 4377 2)
745 4317 834 4366 Vid
870 4318 988 4382 Cup.
1026 4316 1106 4370 67.
1109 4319 1188 4368 68.
1223 4319 1339 4382 quis
1375 4318 1498 4368 Mal.

634 4402 674 4465 ³)
744 4402 874 4467 Quid
907 4404 974 4454 sit
1005 4419 1178 4454 munus
1213 4402 1459 4469 publicum
1495 4414 1787 4453 rouromus
1826 4399 1999 4452 docet
1987 4415 2037 4449 m
2062 4399 2165 4462 lege
2191 4400 2305 4449 239.
2331 4398 2481 4459 63]).
2515 4398 2575 4447 de
2608 4400 2743 4449 Verb.

485 4490 623 4553 Siqn.
663 4489 852 4551 (5016).
