3027 5263
1336 572 1457 635 167

260 791 397 832 rum
431 767 924 852 subsignatorum
959 767 1269 831 dominum
1305 766 1688 851 praedicant;
1725 766 1811 831 ita
1846 790 2061 853 nempe
2094 774 2163 833 ut
2196 791 2326 834 eam
2352 770 2503 835 fidu-

258 897 508 961 ciariam
558 896 935 961 creditricem
987 894 1316 980 appellent.
1415 894 1669 959 Summo
1714 896 1847 979 jure
1896 896 1972 959 iis
2014 896 2241 961 obiecit
2288 918 2507 961 mvrna

259 1046 560 1109 nusquam
613 1024 678 1087 in
726 1022 1000 1087 fontibus
1050 1021 1483 1107 rempublicam
1536 1024 1915 1107 praediorum
1952 1023 2268 1089 dominum
2306 1025 2507 1111 appel-

257 1151 401 1228 lari;
451 1158 754 1236 praeterea
805 1150 1010 1215 obstat
1058 1149 1298 1213 illorum
1351 1150 1625 1235 opinioni
1668 1150 1830 1234 quod
1873 1150 2118 1235 praedia
2150 1150 2507 1237 subsignata

258 1300 498 1363 semper
545 1276 810 1363 obligata
859 1284 920 1341 et
969 1276 1166 1341 soluta
1216 1276 1519 1341 dicuntur.
1572 1276 1691 1340 Res
1724 1276 1922 1355 enim,
1950 1278 2204 1362 quaein
2234 1278 2504 1343 dominio

261 1405 520 1471 alicuius
566 1411 745 1485 sunt,
798 1427 1112 1489 nunquam
1162 1405 1227 1469 in
1271 1405 1406 1489 jure
1456 1404 1731 1469 Romano
1780 1404 2026 1468 domino
2074 1404 2374 1491 obligatae
2423 1406 2509 1472 di·

261 1538 488 1599 cuntur
535 1554 731 1617 neque
780 1531 1013 1595 solutae
1063 1554 1216 1617 quae
1265 1532 1571 1616 quondam
1622 1532 1683 1595 in
1737 1531 2010 1596 dominio
2060 1532 2325 1597 fuerunt.

450 1660 590 1745 Ipse
656 1680 871 1723 nrvnrn
938 1658 1116 1723 aliam
1184 1659 1533 1743 opinionem
1602 1660 1676 1723 de
1741 1660 1875 1745 jure
1951 1660 2165 1746 populi
2230 1662 2294 1725 in
2346 1684 2511 1747 prae-

259 1789 362 1853 dia
410 1787 758 1872 subsignata
805 1787 984 1851 fovet.
1087 1786 1334 1871 Quippe
1384 1787 1700 1851 contendit
1748 1786 1853 1851 illa
1880 1788 2014 1873 jure
2058 1788 2327 1874 pignoris
2361 1789 2509 1855 obli-

259 1924 404 2003 gata
430 1916 614 1981 fuisse
640 1915 801 2000 quod
832 1914 1298 2000 subsignatione
1320 1914 1823 1979 constituebatur.
1863 1915 2282 2001 Complurium
2304 1918 2511 1983 eadem
2581 2006 2585 2011 Ι

261 2052 354 2108 est
419 2043 752 2120 sententia,
828 2043 890 2106 in
942 2041 1166 2127 quibus
1216 2042 1481 2105 virorum
1531 2064 1781 2127 magnae
1842 2043 2221 2107 auctoritatis
2249 2092 2266 2121 ,
2317 2066 2509 2110 nnn-N-

261 2192 459 2249 ere,
537 2190 820 2236 nonomen
893 2177 952 2233 et
1011 2189 1358 2247 Gouosmr3
1411 2176 1677 2235 attamen
1725 2169 1969 2235 illorum
2030 2173 2364 2236 sententiae
2413 2196 2508 2237 ac·

265 2303 570 2387 quiescere
604 2324 728 2365 non
772 2320 1050 2385 possum,
1111 2298 1256 2383 quia
1291 2303 1643 2384 argumenta
1678 2296 1860 2361 allata
1910 2298 2059 2362 mihi
2108 2322 2235 2363 non
2270 2322 2511 2386 persua·

263 2437 494 2495 serunt.
593 2429 788 2493 Tanto
841 2427 1030 2511 magis
1080 2433 1319 2512 oportet
1367 2425 1612 2511 singula
1661 2427 1902 2511 penitus
1952 2426 2277 2511 explorare.

453 2557 673 2643 Itaque
723 2577 978 2642 quaem,
1031 2576 1152 2640 quo
1205 2554 1600 2646 fundamento
1649 2554 1883 2618 nitatur
1930 2554 2033 2618 illa
2082 2555 2329 2642 opinio?
2361 2579 2511 2621 num

263 2686 686 2751 testimonium
744 2684 937 2748 ullum
989 2683 1192 2763 adest,
1269 2706 1392 2782 quo
1440 2683 1900 2768 subsignatione
1949 2685 2237 2748 constitui
2277 2686 2378 2770 jus
2426 2687 2516 2771 pi-

263 2815 472 2902 gnoris
519 2811 850 2899 probetur?
947 2811 1268 2895 Nusquam
1320 2833 1388 2876 ea
1438 2811 1529 2874 vis
1578 2809 2018 2895 subsignationi
2068 2811 2375 2876 tribuitur.

452 2941 696 3006 Nititur
742 2963 885 3025 ergo
936 2939 1180 3003 illorum
1217 2937 1428 3025 opinio
1456 2961 1527 3003 eo
1547 2987 1565 3016 ‚
1602 2939 1765 3023 quod
1792 2961 2232 3024 nonnunquam
2269 2940 2518 3025 praedia

264 3070 622 3156 subsignata
670 3069 910 3154 pignori
963 3067 1053 3131 vel
1105 3066 1241 3131 loco
1269 3067 1543 3152 pignoris
1569 3065 1835 3151 obligata
1862 3066 2183 3144 dicuntur3
2214 3073 2519 3151 praeterea

262 3197 672 3271 contendunt,
725 3195 1076 3279 ubicunque
1125 3217 1220 3258 res
1269 3193 1572 3280 obligatae
1622 3194 1935 3271 dicantur,
1980 3195 2080 3279 jus
2130 3195 2402 3281 pignoris
2452 3195 2517 3259 in

263 3325 388 3389 illis
438 3322 615 3387 rebus
664 3322 1064 3386 constitutum
1112 3344 1257 3386 esse.
1328 3323 1557 3385 Revera
1607 3341 1817 3385 VARRO
1851 3322 1890 3406 ¹)
1942 3320 2018 3385 de
2068 3321 2328 3407 praediis
2378 3322 2519 3387 sub-

263 3449 518 3536 signatis
582 3448 766 3512 dicit:
845 3448 1057 3532 „quod
1126 3471 1194 3512 ea
1253 3447 1492 3534 pignori
1552 3448 1693 3512 data
1768 3447 2067 3532 mancipis
2122 3448 2303 3513 fidem
2353 3471 2521 3535 prae-

261 3577 466 3643 stant''
519 3585 577 3640 et
616 3596 1022 3640 SCHOLIASTES
1072 3579 1134 3640 in
1187 3576 1272 3640 l.l.
1309 3576 1489 3654 „loco
1542 3577 1813 3662 pignoris
1858 3576 2101 3662 praedia
2151 3577 2522 3663 reipublicae

266 3702 591 3791 obligari.'’

501 3832 668 3896 Num
719 3830 1031 3917 probabile
1080 3837 1173 3895 est
1222 3831 1400 3895 hosce
1445 3837 1722 3894 auctores
1748 3830 1820 3894 ad
1850 3829 2051 3915 ipsum
2072 3831 2174 3915 jus
2201 3831 2518 3917 pignoriS,

265 3985 352 4027 sc.
405 3961 482 4026 ad
531 3961 594 4024 id
645 3960 810 4045 quod
858 3961 922 4024 in
949 3961 1082 4045 jure
1119 3959 1282 4025 civili
1331 3961 1444 4025 hoc
1493 3959 1740 4024 nomine
1792 3966 2039 4024 vocatur
2072 3959 2407 4046 respexisse
2432 3958 2525 4045 ²)‘1'

409 4243 446 4303 ¹)
523 4244 579 4292 In
617 4243 711 4306 Op.
747 4242 806 4290 de
841 4242 978 4306 Linq.
1015 4242 1120 4290 Lat.
1162 4243 1218 4300 5,
1254 4241 1336 4290 40.

407 4328 448 4388 ⁴²)
521 4328 643 4376 Nam
698 4327 789 4375 hoc
825 4326 980 4391 ipsum
1018 4325 1305 4374 recentiores
1342 4324 1509 4390 procul
1548 4324 1692 4375 dubio
1730 4323 2013 4383 voluerunt,
2070 4340 2179 4374 cum
2218 4325 2277 4373 de
2310 4323 2417 4389 jure
2453 4324 2523 4390 pi-

264 4413 431 4480 gnoris
469 4412 745 4477 disputant5
782 4411 926 4460 habet
963 4427 1075 4460 sanc
1093 4410 1300 4460 multum
1322 4410 1635 4458 dubitationis
1664 4410 1816 4458 eidem
1850 4409 2084 4459 vocabulo
2108 4409 2268 4459 varias
2293 4409 2527 4474 significa·

265 4501 426 4550 tiones
460 4497 625 4546 tribui.
