3027 5263
1551 578 1676 638 130

677 773 897 838 Veram
964 773 1149 837 fuisse
1218 771 1627 836 venditionem
1677 770 1845 834 illam
1895 792 2050 855 quae
2097 770 2320 834 dicitur
2367 772 2430 834 in
2483 793 2745 836 vacuum

486 925 600 988 ego
648 923 891 988 quoque
938 899 1195 965 arbitror
1210 925 1228 977 3
1278 899 1354 963 de
1403 897 1859 964 conditionibus
1909 906 2112 963 tamen
2163 898 2284 962 illis
2323 906 2556 964 certum
2590 902 2744 986 quid

491 1029 681 1093 statui
730 1049 975 1114 prorsus
1024 1027 1257 1112 nequit.

675 1155 1042 1241 Nuperrime
1106 1154 1215 1240 qui
1281 1154 1357 1218 de
1422 1154 1540 1218 hoc
1605 1159 1961 1238 argumento
2021 1153 2484 1239 disputaverunt
2535 1178 2748 1220 omnes

485 1283 607 1349 fere
656 1283 907 1348 eandem
956 1282 1305 1368 opinionem
1354 1287 1639 1359 tuentur3
1694 1281 2020 1358 Eunonen,
2073 1300 2292 1344 Rtvmu.
2325 1288 2386 1344 et
2421 1301 2746 1348 Gounsmr

480 1412 817 1478 secundum
882 1410 1073 1496 legem
1123 1409 1551 1474 Malacitanam
1602 1409 1724 1473 duo
1775 1409 2140 1474 venditionis
2191 1410 2382 1476 stadia
2433 1411 2746 1498 distingu-

485 1547 689 1618 enteS‚
755 1537 1047 1625 praedum
1108 1536 1524 1602 venditionem
1576 1537 1705 1622 lege
1753 1537 2162 1624 praediatoria
2212 1538 2542 1604 cessionem
2584 1541 2746 1625 juris

486 1666 679 1732 debiti
758 1665 1042 1750 exigendi
1116 1664 1299 1728 fuisse
1355 1671 1667 1742 statuunt,
1747 1685 1997 1748 eamque
2059 1664 2234 1750 „lege
2292 1667 2750 1751 praediatoria''

484 1793 773 1880 appellari
841 1793 1083 1870 dicunt,
1166 1792 1310 1876 quia
1374 1798 1671 1876 emptores
1742 1791 1910 1855 illius
1968 1793 2126 1876 juris
2193 1799 2386 1858 totam
2436 1818 2744 1862 summam

487 1921 715 1986 solvere
764 1919 1083 2006 oportebat
1130 1941 1283 2004 quae
1332 1942 1367 1982 a
1417 1917 1688 1983 debitore
1736 1919 2056 2005 principali
2109 1919 2432 1984 deberetur
2473 1923 2534 2007 ¹).

676 2049 751 2112 In
802 2047 1063 2134 praediis
1098 2046 1465 2132 subsignatis
1492 2045 1592 2130 jus
1625 2047 1898 2132 pignoris
1931 2048 2334 2112 constitutum
2365 2049 2550 2114 fuisse
2576 2075 2750 2136 prae-

491 2179 789 2254 dicantes,
844 2175 1226 2261 praediorum
1259 2175 1664 2238 venditionem
1694 2174 1826 2261 lege
1852 2174 2252 2260 praediatoria
2289 2178 2442 2262 juris
2468 2179 2752 2266 pignoris

491 2305 899 2370 venditionem
982 2303 1169 2366 fuisse
1252 2301 1650 2366 contendunt.
1769 2301 2120 2386 Emptorem
2194 2304 2422 2388 jurium
2497 2305 2746 2372 illorum

485 2441 725 2498 tantum
813 2431 1043 2496 solvere
1132 2438 1373 2516 oportet
1460 2453 1529 2494 ac
1619 2429 1856 2494 debitor
1947 2431 2300 2516 principalis
2375 2433 2755 2519 reipublicae

490 2561 707 2626 debeat
739 2559 807 2644 2).

679 2690 1070 2753 ZIMMERMAN
1120 2685 1371 2751 eandem
1416 2686 1767 2771 opinionem
1811 2686 1885 2749 de
1931 2686 2274 2751 venditione
2308 2688 2441 2775 lege
2473 2693 2747 2777 praedia-

486 2817 643 2881 toria
714 2822 921 2880 tuetur
939 2842 958 2893 ;
1038 2838 1175 2880 cum
1253 2836 1397 2881 vero
1470 2816 1674 2878 omnia
1738 2814 1896 2878 bona
1963 2813 2307 2880 debitorum
2370 2818 2749 2905 reipublicae

485 2946 611 3010 sive
676 2942 967 3031 praedam
1036 2949 1097 3008 et
1159 2944 1403 3027 praedia
1466 2965 1710 3027 quoque
1774 2943 1986 3007 eodem
2054 2944 2234 3008 modo
2304 2944 2570 3032 obligata
2621 2973 2754 3016 esse

489 3080 701 3161 putet,
754 3081 1031 3137 naturam
1091 3072 1461 3136 venditionis
1510 3095 1623 3158 pro
1660 3072 1924 3157 praediis
1959 3080 2018 3135 et
2051 3073 2268 3137 ceteris
2295 3074 2586 3159 praedum
2621 3079 2753 3145 sive

490 3202 839 3267 debitorum
890 3200 1319 3287 principalium
1368 3200 1544 3264 bonis
1594 3223 1718 3265 non
1774 3199 2012 3264 differre
2063 3202 2279 3265 statuit
2314 3202 2386 3286 3).

676 3330 752 3394 In
819 3352 1074 3394 vacuum
1140 3327 1297 3391 bona
1364 3328 1655 3414 praedam
1721 3336 1780 3392 et
1829 3328 2072 3413 praedia
2125 3329 2328 3393 venire
2382 3330 2748 3413 voluerunt,

498 3458 551 3523 si
600 3480 779 3523 nemo
826 3464 1015 3521 totam
1067 3478 1361 3521 summam
1413 3456 1643 3521 solvere
1692 3456 1977 3521 voluisset
1993 3482 2011 3533 ς
2063 3462 2194 3521 tum
2224 3457 2326 3542 jus
2358 3458 2511 3523 illud
2548 3460 2748 3527 debiti

670 3744 705 3807 ²)
779 3744 899 3793 Vide
934 3757 1192 3803 nunonrr,
1232 3744 1361 3794 Rem.
1403 3744 1720 3808 Rechtsyesoh.
1766 3745 1826 3802 2,
1865 3762 1912 3808 p.
1943 3745 2066 3801 308,
2105 3758 2276 3793 ervum
2300 3746 2349 3793 in
2381 3746 2468 3809 Op.
2492 3748 2527 3796 l.
2553 3764 2601 3811 p.
2634 3749 2754 3802 117.

480 3836 537 3879 et
586 3843 845 3878 oounsm'r
882 3830 931 3877 in
972 3831 1215 3878 Comment.
1251 3830 1285 3879 l.
1320 3846 1365 3894 p.
1406 3830 1532 3886 562,
1570 3844 1670 3891 sqq.
1743 3828 2020 3878 Notandum
2059 3832 2130 3877 est
2163 3829 2448 3894 interpretes
2490 3831 2635 3891 alibi,
2671 3849 2747 3883 sc.

492 3914 784 3979 explicantes
820 3914 976 3963 locum
1010 3914 1148 3963 illum
1184 3927 1420 3963 sueronn
1456 3914 1503 3963 in
1545 3914 1640 3963 vita
1677 3914 1864 3963 Claudii
1899 3914 2020 3979 Cap.
2055 3916 2110 3971 9,
2153 3914 2235 3963 ubi
2273 3915 2477 3977 legitur:
2521 3918 2629 3976 „Ad
2663 3934 2750 3969 eus

484 4001 555 4049 rei
604 3998 850 4048 familiaris
898 3999 1141 4063 angustias
1190 3999 1366 4049 decidit
1412 4004 1465 4047 ut
1512 4014 1658 4063 quum
1713 3999 1972 4063 obligatam
2009 4000 2190 4049 aerario
2229 4000 2370 4049 fidem
2408 4000 2612 4051 liberare
2646 4020 2748 4055 non

486 4088 681 4150 posset,
719 4084 765 4131 in
806 4100 1005 4133 vacnum
1046 4084 1183 4147 „lege
1219 4083 1572 4149 praediatoria’'
1609 4084 1787 4133 venalis
1815 4084 2126 4149 pependerit”
2151 4085 2471 4149 praedicasse,
2507 4088 2745 4139 vocabula

491 4169 577 4220 illa
616 4168 751 4232 „lege
787 4168 1141 4235 praediatoria”
1192 4169 1355 4219 addita
1406 4169 1549 4218 fuisse
1587 4173 1641 4217 ut
1677 4176 1926 4234 appareret
1962 4186 2229 4219 sermonem
2268 4186 2364 4219 non
2403 4188 2505 4221 esse
2541 4174 2598 4221 de
2633 4190 2750 4225 vera

484 4254 773 4305 venditione
828 4254 909 4303 sed
956 4255 1168 4303 cessione
1222 4259 1408 4303 tantum
1452 4255 1606 4318 juris;
1653 4255 1762 4303 vide
1796 4269 2032 4305 nunonrr
2068 4256 2201 4306 Rem.
2239 4256 2562 4321 Rechtsqesch.
2600 4260 2656 4316 2,
2695 4276 2750 4323 p.

494 4340 593 4391 309
632 4342 729 4389 not.
770 4340 851 4390 16.
890 4340 1076 4388 Rrvuzn
1112 4342 1159 4387 in
1204 4342 1285 4403 op.
1324 4342 1355 4392 l.
1393 4356 1439 4405 p.
1480 4338 1594 4390 11¹7.
1629 4340 1691 4390 cf.
1728 4355 1918 4405 quoque
1937 4354 2273 4398 zmnunmu,
2312 4342 2361 4389 in
2394 4342 2568 4392 Dissd.
2591 4346 2748 4408 p.48.

630 4424 669 4487 2)
746 4424 861 4474 vide
896 4437 1077 4474 arvum
1112 4425 1159 4473 in
1204 4426 1291 4489 Op.
1326 4427 1359 4473 l.
1399 4440 1445 4489 p.
1482 4424 1520 4474 1.
1553 4430 1602 4473 et
1636 4436 1870 4475 eunoun·
1907 4425 2036 4478 Ram.
2076 4426 2396 4493 Reckcsqesok.
2434 4426 2492 4487 2,
2539 4444 2586 4494 p.
2625 4430 2744 4485 309.

622 4509 659 4575 3)
738 4510 852 4559 Vide
889 4522 1227 4569 mum-mum,
1269 4510 1393 4559 Dis-5.
1431 4526 1475 4577 p.
1517 4509 1606 4561 46.
