3027 5263
1442 547 1455 559 ’
1550 585 1680 645 144

493 792 702 874 agunt.
753 784 831 848 Iu
878 780 1094 867 Capite
1142 777 1304 843 enim
1355 778 1438 839 66
1490 776 1642 861 legis
1688 774 1851 839 Hvir
1877 774 2051 859 jubet
2089 773 2312 839 multas
2345 794 2501 859 quae
2536 775 2738 841 dictae

493 919 636 978 sunt
709 908 926 975 referre
1001 906 1066 969 in
1145 902 1385 967 tabulas
1457 923 1811 967 communes
1876 900 2231 985 municipii3
2300 902 2450 965 item
2525 902 2741 967 eadem

493 1038 594 1102 lex
655 1037 722 1099 in
794 1034 1008 1119 Capite
1076 1032 1160 1093 63
1212 1028 1459 1093 statuit:
1532 1027 1747 1106 „IIvir
1802 1026 1983 1091 facito
2028 1062 2124 1077 —
2170 1032 2239 1090 ut
2286 1027 2628 1092 referantur
2677 1030 2743 1093 in

489 1161 726 1227 tabulas
795 1157 1072 1245 publicas
1137 1176 1286 1239 quas
1349 1153 1683 1218 locationes
1730 1152 1939 1216 fecerit
1987 1175 2253 1238 quasque
2300 1154 2464 1239 leges
2508 1156 2737 1219 dixerit

493 1286 706 1374 quanti
772 1284 924 1369 quid
987 1283 1254 1346 locatum
1318 1281 1397 1343 sit
1445 1286 1506 1343 et
1554 1280 1661 1364 qui
1708 1277 1958 1363 praedes
2005 1280 2233 1365 accepti
2282 1281 2406 1344 sint
2452 1303 2735 1365 quaeque

489 1414 734 1500 praedia
805 1410 1158 1495 subsignata
1231 1405 1574 1489 obligatave
1625 1405 1752 1468 sint
1818 1404 2045 1489 quique
2093 1404 2476 1488 praediorum
2530 1408 2735 1491 cogni-

493 1547 656 1605 tores
702 1538 938 1623 accepti
985 1532 1171 1599 sint.'’
1219 1534 1410 1598 Hisce
1453 1531 1649 1597 verbis
1674 1531 1988 1616 perspicue
2012 1530 2493 1610 demonstratur,
2524 1556 2731 1599 curam

487 1666 830 1732 tabularum
903 1661 1280 1747 publicarum
1321 1660 1396 1743 ¹),
1457 1658 1659 1743 ipsum
1718 1656 2013 1721 referendi
2064 1680 2319 1736 munna,
2371 1660 2731 1725 mandatum

489 1814 615 1857 non
670 1791 854 1855 fuisse
902 1788 1156 1864 IIviris‚
1209 1785 1372 1870 quod
1421 1807 1612 1870 quum
1662 1783 1753 1848 ita
1800 1784 1878 1848 sit
1924 1806 2101 1848 nemo
2148 1784 2322 1850 facile
2361 1786 2732 1853 dubitaverit

489 1919 640 2003 quin
687 1914 988 2000 quaestori
1039 1934 1260 1977 munus
1308 1910 1466 1974 illud
1491 1910 1894 1992 “incumberet
1940 1932 2079 1975 cum
2126 1934 2306 1976 nemo
2354 1920 2594 1998 praeter
2628 1938 2729 1979 eos

488 2065 692 2130 gerere
740 2040 958 2133 soleret
1003 2041 1068 2103 in
1117 2038 1448 2125 republica.

672 2169 749 2233 In
823 2168 896 2231 iis
968 2167 1158 2252 igitur
1219 2166 1516 2230 rationem
1565 2163 1792 2229 habent
1840 2170 2182 2249 quaestores
2227 2168 2521 2252 pecuniae
2570 2190 2726 2253 quae

487 2295 858 2381 reipublicae
907 2291 1160 2358 debetur
1207 2293 1334 2356 sive
1381 2314 1456 2355 ex
1497 2291 1691 2356 multa
1724 2291 1853 2354 sive
1884 2314 1959 2354 ex
1991 2291 2289 2355 locatione
2322 2293 2727 2359 conductione

487 2422 876 2509 vectigalium
925 2419 1609 2504 ultroquetributorum,
1676 2418 1995 2482 nominum
2054 2441 2297 2504 quoque
2346 2420 2723 2502 debitorum,

485 2549 761 2634 denique·
814 2548 1087 2612 omnium
1153 2569 1306 2631 quae
1370 2547 1436 2609 in
1500 2546 1800 2609 aerarium
1847 2545 2209 2633 rediguntur
2258 2568 2532 2631 quaeque
2578 2549 2721 2614 inde

482 2683 822 2763 erogantur.
928 2674 1223 2738 Similiter
1283 2675 1350 2737 in
1413 2673 1547 2757 lege
1596 2674 1827 2758 agraria
1875 2673 2123 2758 praedes
2172 2675 2413 2759 praedia
2446 2675 2495 2760 ²)
2545 2700 2720 2762 pecu·

393 2855 396 2860 .
479 2804 770 2887 uiamque
819 2806 1123 2887 acceptam
1173 2823 1248 2864 ex
1296 2799 1644 2866 venditione
1692 2822 1971 2886 agrorum
2008 2800 2053 2884 ³)
2106 2802 2533 2884 quaestoribus
2582 2804 2717 2888 qui,

622 3112 657 3175 ¹)
727 3111 892 3162 Minus
925 3114 1054 3162 recte
1089 3111 1148 3160 de
1184 3109 1362 3160 tabulis
1397 3109 1494 3159 illis
1530 3111 1734 3176 publicis
1770 3112 2016 3176 disputare
2051 3112 2237 3161 videtur
2273 3125 2451 3161 mvntss
2486 3113 2537 3161 in
2576 3113 2661 3176 Op.
2683 3115 2715 3164 I.

477 3213 526 3262 p.
567 3197 666 3254 56,
705 3195 788 3245 ubi
822 3195 1012 3246 scribit:
1067 3194 1308 3253 „Tabulae
1343 3194 1565 3258 publicae
1602 3196 1675 3244 vel
1712 3211 1985 3244 communes
2021 3195 2210 3244 konnen
2247 3195 2429 3244 sowohl
2474 3198 2599 3246 Acta
2632 3214 2714 3262 pu-

475 3280 605 3329 blica
640 3280 710 3328 als
748 3279 993 3329 offentlich
1027 3279 1399 3345 angeschlagene
1425 3279 1592 3328 Tafeln
1616 3280 1735 3330 sein.
1772 3280 1829 3328 In
1849 3279 1951 3343 lege
1972 3280 2261 3329 Malacitana
2284 3280 2549 3330 letzteres.'’
2585 3281 2713 3332 Idem

476 3380 575 3414 non
627 3369 773 3432 puto;
827 3363 1006 3411 nullam
1061 3363 1186 3411 enim
1238 3363 1288 3411 in
1343 3363 1446 3426 lege
1501 3380 1691 3412 causam
1728 3365 1943 3413 invenire
1977 3379 2170 3430 possum
2205 3367 2401 3429 propter
2435 3380 2577 3428 quam
2612 3367 2713 3414 Ma-

474 3447 608 3498 lacae
654 3446 842 3498 tabulas
895 3446 1002 3495 illas
1052 3446 1268 3511 publicas
1320 3447 1529 3496 diversas
1587 3449 1731 3498 fuisse
1768 3449 2033 3498 diceremus
2068 3447 2128 3497 ab
2165 3448 2270 3497 aliis
2317 3465 2361 3498 v,
2387 3464 2433 3512 g.
2470 3450 2519 3498 in
2557 3450 2715 3501 tabula

475 3531 813 3590 Heracleensi‚
847 3531 930 3580 ubi
964 3535 1069 3580 acta
1106 3529 1296 3596 publica
1331 3532 1631 3593 indicantur;
1669 3533 1775 3582 vide
1798 3533 1916 3598 legis
1950 3532 2051 3582 sul.
2089 3533 2206 3596 Cap.
2241 3531 2269 3580 1
2304 3536 2352 3582 et
2382 3533 2443 3582 ad
2481 3533 2607 3583 hunc
2642 3534 2712 3583 lo·

432 3669 436 3673 Δ
477 3633 586 3668 cum
639 3629 894 3666 macxsnu
935 3617 1032 3666 Oiv.
1068 3616 1302 3666 Abhandl.
1340 3618 1392 3674 2,
1445 3633 1496 3680 p.
1536 3616 1649 3668 172.
1721 3619 1948 3667 Errorem
2003 3617 2093 3666 viri
2149 3617 2345 3666 doctiss.
2401 3630 2578 3667 muza
2610 3618 2716 3668 inde

475 3708 633 3754 ortum
668 3719 770 3754 esse
805 3704 1039 3760 arbitror,
1081 3703 1232 3766 quod,
1271 3718 1382 3752 cum
1419 3702 1577 3752 IIviro
1603 3718 1717 3751 cura
1742 3703 1995 3753 mandetur
2030 3705 2083 3752 ut
2102 3707 2150 3752 et
2168 3703 2435 3752 referantur
2458 3703 2508 3752 in
2534 3703 2717 3753 tabulas

474 3789 692 3855 publicas
727 3787 989 3837 locationes
1025 3787 1307 3850 eaedemque
1343 3787 1531 3852 publice
1566 3791 1921 3851 proponantur,
1959 3787 2040 3836 ille
2074 3788 2123 3836 in
2150 3787 2325 3836 tabulis
2350 3787 2468 3851 ipsis
2513 3788 2715 3851 publicis

475 3872 764 3928 locationes,
806 3875 894 3920 cet.
932 3871 1265 3935 proponendas
1302 3886 1401 3918 esse
1437 3871 1646 3928 censuit3
1686 3870 1797 3920 huic
1833 3873 1992 3920 tamen
2031 3871 2244 3935 opinioni
2264 3870 2405 3919 facile
2424 3887 2589 3920 ansam
2608 3872 2715 3920 dare

475 3971 575 4004 non
610 3968 752 4016 posse
788 3954 1012 4004 videntur
1049 3955 1166 4017 legis
1203 3954 1521 4003 Malacitauae
1557 3955 1725 4004 verba:
1766 3955 1897 4004 aliud
1934 3956 2060 4004 enim
2096 3959 2171 4004 est
2204 3956 2417 4014 „referre
2452 3955 2503 4004 in
2530 3956 2713 4005 tabulas

476 4036 726 4102 publicas’'
763 4036 891 4086 aliud
930 4037 1152 4100 „publice
1186 4037 1502 4102 proponere.”
1578 4041 1813 4088 Accurate
1848 4043 1984 4088 actus
2016 4037 2095 4087 illi
2144 4038 2321 4088 diversi
2358 4039 2407 4086 in
2443 4039 2548 4102 lege
2585 4039 2713 4088 ‹listi-

476 4121 735 4184 nguuntur.

593 4203 656 4270 2)
728 4202 844 4250 Vide
877 4204 992 4270 leqis
1021 4205 1157 4254 laud.
1193 4205 1308 4268 Cap.
1347 4207 1410 4254 20
1447 4206 1574 4270 apud
1610 4219 1734 4254 zum.
1772 4207 1879 4256 Del.
1915 4207 2140 4268 Inscript.
2177 4223 2255 4256 uo.
2301 4205 2452 4256 1678.
2520 4206 2579 4255 In
2614 4206 2716 4271 lege

476 4287 629 4338 Acilia
680 4288 1052 4350 repetundarum
1090 4292 1310 4352 quaestor
1362 4292 1411 4338 in
1463 4291 1651 4340 tabulas
1688 4291 1901 4355 publicas
1947 4291 2125 4348 refert3
2164 4291 2270 4340 vide
2307 4294 2452 4355 caput
2490 4289 2551 4342 17
2592 4292 2717 4354 apud

477 4386 598 4422 zum,
636 4372 743 4420 Del.
781 4373 931 4422 [neor.
971 4388 1049 4421 no.
1090 4371 1234 4423 1679.

617 4456 656 4518 ³)
729 4455 846 4504 Vide
883 4457 1041 4520 Caput
1077 4458 1138 4504 35
1178 4459 1326 4506 eiusd.
1363 4459 1492 4522 (eyia.
