3027 5263
1592 567 1719 630 160

533 784 710 849 quem
773 760 1017 847 proprio
1067 759 1313 825 nomine
1361 760 1697 846 obligemus
1738 762 1778 847 ¹)
1792 786 1811 839 3
1866 768 2123 847 pernota
2171 785 2415 849 quoque
2448 770 2539 829 est
2571 764 2777 851 regula

533 889 644 954 illa
686 889 840 974 juris
884 888 1144 952 Romani
1192 889 1254 953 in
1312 890 1649 953 accessione
1698 912 1825 955 non
1874 890 2017 975 plus
2068 912 2193 955 esse
2243 913 2415 976 posse
2466 915 2649 978 quam
2699 892 2777 956 sit

531 1018 594 1081 in
646 1040 709 1081 re
760 1016 1082 1102 principali
1115 1016 1183 1101 2).

715 1143 1132 1209 Nihilominus
1197 1166 1266 1208 eo
1321 1145 1615 1230 processit
1686 1164 1995 1209 Mommsen
2071 1152 2140 1208 ut
2214 1145 2548 1211 debitorem
2611 1147 2773 1232 prin-

529 1273 782 1358 cipalem
873 1272 1150 1357 praedem
1225 1271 1352 1335 fieri
1425 1294 1601 1357 posse
1674 1272 1736 1335 in
1818 1295 1928 1337 sua
2002 1272 2193 1358 ipsius
2268 1296 2448 1337 causa
2522 1280 2773 1338 statuat.

528 1401 768 1465 Nititur
830 1400 977 1464 haec
1040 1400 1288 1463 assertio
1337 1398 1470 1464 loco
1540 1420 1714 1464 mesu
1748 1399 1831 1484 ³),
1902 1400 2004 1465 ubi
2073 1401 2327 1487 legitur:
2428 1402 2769 1488 „Manceps

525 1530 748 1595 dicitur
796 1530 904 1615 qui
950 1529 1098 1613 quid
1132 1551 1164 1591 a
1197 1527 1424 1613 populo
1457 1530 1635 1606 emit,
1685 1528 2079 1609 conducitve,
2133 1530 2279 1614 quia
2315 1552 2494 1593 manu
2530 1530 2769 1595 sublata

527 1658 828 1743 significat
877 1680 938 1721 se
989 1665 1289 1720 auctorem
1341 1656 1623 1719 emtionis
1672 1678 1833 1733 esse3
1897 1656 2002 1741 qui
2051 1656 2209 1721 idem
2265 1680 2435 1743 praes
2484 1658 2773 1723 dicitur.”

531 1784 983 1849 Animadvertas
1031 1783 1368 1868 mancipem
1421 1806 1543 1846 non
1578 1783 1860 1868 praedem
1908 1783 2240 1869 appellari,
2284 1785 2514 1849 etenim
2546 1785 2773 1850 dicitnr

524 1912 730 1991 „idem
767 1910 1006 1998 praes”,
1057 1910 1218 1995 quod
1253 1918 1541 1995 tanquam
1594 1911 1951 1975 vocabulum
1988 1912 2131 1976 artis
2180 1913 2601 1999 accipiendum
2638 1936 2770 1978 esse

521 2046 682 2104 recte
727 2038 959 2103 iudicat
1007 2038 1096 2103 vir
1143 2038 1218 2103 cl.
1272 2058 1591 2103 Gonnsm'r
1622 2039 1691 2124 4).
1746 2039 1977 2105 Fes‘rus
2026 2062 2270 2125 quoque
2321 2041 2437 2105 hoc
2471 2042 2607 2125 ipso
2634 2040 2769 2105 loco

521 2167 727 2247 addit,
782 2188 965 2251 quare
1037 2167 1122 2230 ita
1169 2174 1418 2230 vocetur
1477 2188 1795 2252 manceps,
1874 2167 2097 2252 quibus
2146 2190 2219 2232 ex
2272 2168 2470 2233 verbis
2519 2177 2772 2254 apparet

518 2295 730 2359 falsam
804 2316 932 2357 esse
997 2294 1342 2379 opinionem
1409 2316 1588 2378 quam
1648 2293 1919 2357 defendit
1969 2314 2307 2374 ΜοΜΜεΕΝς
2362 2294 2517 2358 dicit
2562 2296 2767 2359 enim:

519 2423 707 2507 „quia
780 2428 902 2485 tam
977 2428 1279 2505 praestare
1347 2420 1528 2485 debet
1594 2421 1759 2505 quod
1811 2419 2038 2507 populo
2096 2421 2375 2506 promisit
2424 2444 2607 2507 quam
2658 2423 2773 2507 qui

527 2573 635 2637 pro
684 2572 754 2614 eo
803 2571 974 2636 praes
1021 2548 1217 2611 factus
1265 2546 1412 2612 est.'’

700 2677 798 2743 Ad
848 2676 1275 2762 obligationem
1324 2676 1517 2762 igitur
1565 2675 1976 2763 cuiuscunque
2036 2677 2332 2743 debitoris
2379 2679 2761 2768 reipublicae

515 2805 807 2871 accedunt
858 2803 1136 2889 praedes3
1191 2803 1264 2867 de
1299 2803 1488 2868 forma
1524 2827 1644 2889 qua
1680 2805 1919 2889 praedis
1954 2804 2251 2890 obligatio
2278 2807 2607 2871 constituta
2640 2807 2759 2886 sit,

512 2934 573 2998 in
643 2933 774 3018 lege
845 2931 1210 3017 Salpensana
1259 2931 1386 2996 sive
1459 2930 1830 2996 Malacitana
1879 2955 1955 2998 ne
2008 2933 2185 2997 verbo
2264 2934 2503 3018 quidem
2558 2957 2761 3000 sermo

513 3068 631 3140 θεῖς
700 3059 1100 3124 nihilominus
1157 3058 1302 3124 satis
1369 3065 1604 3124 constat
1670 3059 1841 3123 illam
1908 3059 2104 3124 verbis
2170 3062 2445 3125 contrahi
2512 3063 2765 3128 solitam

511 3188 718 3253 fuisse.
819 3206 1022 3252 vanno
1087 3188 1252 3252 enim
1310 3187 1375 3251 in
1440 3187 1573 3252 loco
1636 3209 1819 3273 supra
1885 3188 2132 3252 laudato
2198 3194 2259 3254 et
2315 3209 2535 3254 szsros
2594 3191 2757 3256 illud

512 3315 657 3380 satis
737 3314 1046 3400 perspicue
1135 3315 1353 3379 docent
1425 3337 1564 3378 cum
1638 3320 1887 3379 narrant
1960 3315 2238 3400 praedem
2312 3317 2767 3403 interrogatum

509 3469 546 3510 a
597 3443 944 3530 magistratu
996 3450 1063 3508 ut
1110 3465 1282 3529 praes
1313 3449 1500 3520 esset,
1564 3443 1968 3530 respondisse:
2034 3466 2252 3529 „praes
2288 3443 2483 3508 sum.''
2556 3444 2719 3510 Inde
2745 3500 2766 3528 ,

653 3905 695 3970 ¹)
765 3905 853 3954 vid
891 3904 984 3969 leg.
1023 3904 1049 3953 1
1089 3905 1110 3964 ς
1149 3904 1178 3952 8
1218 3902 1279 3952 D.
1313 3901 1372 3951 de
1409 3901 1515 3952 obt.
1550 3903 1597 3950 et
1630 3900 1737 3950 Act.
1770 3898 1951 3962 (4437.)

649 3991 688 4051 ²)
761 3989 877 4039 vide
911 4002 1075 4038 enula
1111 3987 1214 4037 Lib.
1251 3988 1308 4046 3,
1344 3985 1490 4047 §126
1530 3987 1590 4036 cf.
1614 3988 1637 4047 ς
1664 3986 1759 4035 113
1798 3989 1845 4034 et
1879 3984 2001 4035 Inst.
2036 3985 2167 4034 Just.
2190 3984 2295 4034 Lib.
2320 3985 2348 4034 3
2386 3983 2484 4034 Tit.
2522 3985 2607 4037 20.
2648 3989 2768 4048 §5-

507 4077 568 4126 cf.
604 4075 698 4138 leg.
735 4076 764 4125 8
817 4077 838 4136 §
874 4073 902 4125 7
943 4077 989 4122 et
1043 4071 1108 4124 70
1144 4089 1216 4138 pr.
1271 4073 1333 4123 D.
1369 4071 1430 4121 de
1445 4072 1669 4136 fidejuss.
1719 4071 1889 4131 (46.1).
1958 4069 2016 4118 In
2054 4069 2157 4132 lege
2192 4071 2257 4119 49
2293 4072 2315 4130 §
2354 4071 2382 4118 2
2411 4071 2457 4118 in
2482 4070 2577 4120 fine
2603 4072 2772 4126 eiusd.

506 4162 602 4211 Tit.
637 4161 866 4212 statuitur
902 4163 1069 4208 contra
1100 4159 1224 4222 juris
1262 4158 1462 4206 sormam
1499 4172 1629 4215 esse,
1671 4155 1994 4220 fidejussorem
2029 4155 2077 4202 in
2104 4154 2343 4204 duriorem
2364 4171 2557 4204 causam
2582 4157 2769 4224 accipi.

644 4245 683 4307 ³)
755 4245 810 4293 In
849 4244 1120 4293 definitione
1156 4244 1283 4293 vocis
1326 4239 1626 4305 „Manceps”
1666 4238 1739 4292 ed.
1778 4244 1983 4289 nummu
2020 4257 2067 4306 p.
2111 4240 2224 4288 151.

643 4331 684 4392 4)
760 4329 876 4378 Vide
916 4331 1162 4380 Commeat.
1197 4329 1230 4376 I.
1267 4344 1316 4392 p.
1355 4329 1470 4376 558.
1507 4325 1797 4390 Conjectura
1833 4324 1925 4373 viri
1963 4324 2078 4374 clar.
2118 4325 2335 4372 firmatur
2359 4323 2462 4388 lege
2486 4323 2771 4380 Puteolana

505 4421 648 4478 (zat.
688 4415 794 4465 Del.
821 4431 898 4464 no.
927 4411 1102 4474 1751).
1129 4413 1210 4462 ubi
1235 4412 1378 4462 verba
1415 4412 1669 4476 leguntur:
1696 4424 1770 4470 „c.
1812 4422 2051 4463 BLOs81us
2088 4409 2150 4475 Q.
2176 4409 2230 4460 F.
2258 4409 2320 4460 H.
2346 4409 2396 4460 S.
2424 4409 2496 4460 M.
2537 4409 2595 4460 D.
2624 4413 2772 4468 Idem

495 4500 693 4566 praed&
763 4501 905 4551 Errat
941 4513 1127 4566 quoque
1162 4497 1212 4548 iu
1251 4497 1342 4548 hoc
1378 4510 1501 4549 snm
1540 4496 1590 4547 in
1632 4498 1715 4562 Op.
1752 4497 1787 4548 l.
1822 4512 1869 4563 p.
1907 4495 2022 4546 865.
