3027 5263
1333 573 1458 633 141

259 768 488 833 ultima
536 764 770 851 Capitis
823 765 906 827 25
959 761 1111 849 legis
1161 762 1368 847 Salp.:
1421 762 1656 847 „Isque
1683 764 1827 828 dum
1860 765 2197 849 praefectus
2228 768 2343 830 erit
2374 789 2520 851 quo-

257 894 547 978 tiensque
594 890 999 976 municipium
1048 912 1320 975 egressus
1369 890 1517 967 erit,
1567 912 1645 953 ne
1692 890 1833 975 plus
1885 914 2067 975 quam
2102 893 2359 978 singulis
2395 893 2520 959 die-

257 1020 382 1085 bus
431 1018 702 1114 abest0.’'
799 1018 954 1082 Cum
1007 1018 1171 1082 enim
1220 1017 1382 1081 IIvir
1431 1019 1540 1101 qui
1590 1040 1663 1081 ex
1713 1019 2051 1107 municipio
2102 1020 2521 1105 proficiscatur

261 1168 466 1231 neque
516 1145 728 1211 eodem
779 1144 879 1207 die
926 1144 1134 1207 redeat
1182 1143 1555 1228 praefectum
1604 1145 1944 1228 relinquere
1978 1145 2296 1229 jubeatur,
2322 1204 2325 1209 .
2348 1169 2516 1231 prae-

269 1272 432 1337 fecto
482 1294 624 1336 vero
672 1272 1006 1356 denegetur
1045 1269 1144 1354 jus
1177 1271 1495 1354 potestatis
1546 1270 1953 1349 mandendae,
1990 1272 2273 1335 convenit
2303 1272 2369 1335 in
2402 1273 2519 1336 hoc

264 1398 422 1484 legis
471 1398 764 1483 placitum
813 1397 1202 1461 interdictum
1251 1396 1407 1460 illud
1456 1419 1534 1461 ne
1582 1398 1719 1482 plus
1768 1420 1948 1482 quam
2000 1398 2215 1463 diebus
2249 1399 2515 1484 singulis

264 1526 611 1611 praefectus
636 1525 893 1589 abesset.
931 1525 1213 1608 Denique
1238 1524 1483 1588 eosdem
1507 1546 1631 1589 non
1661 1525 1839 1590 habet
1866 1526 2112 1589 effectus
2146 1526 2520 1610 praefectura

267 1658 335 1718 et
380 1652 684 1717 IIviratus
732 1652 787 1715 ei
837 1653 943 1735 qui
989 1642 1211 1737 gessit3
1280 1652 1490 1716 civitas
1540 1653 1699 1716 enim
1749 1653 2021 1717 Romana
2071 1675 2255 1737 quam
2304 1654 2520 1739 magis-

263 1786 467 1846 tratus
500 1782 727 1845 honore
759 1786 933 1865 gesto
968 1784 1411 1863 consequatur,
1447 1779 1783 1863 abnegatur
1814 1780 2115 1863 praefecto
2148 1803 2258 1865 pro
2294 1780 2515 1845 IIvir0.

261 1908 453 1973 Ratio
526 1906 896 1972 discriminis
969 1906 1036 1968 in
1111 1911 1397 1990 promptu
1471 1910 1600 1982 est,
1668 1927 1859 1989 quum
1908 1906 2072 1970 enim
2122 1906 2518 1991 magistratus

266 2014 564 2109 ordinarii
613 2055 720 2118 per
769 2031 1019 2097 solitum
1052 2030 1300 2095 honoris
1335 2036 1571 2115 tempus
1605 2031 2029 2115 magistratum
2058 2038 2277 2115 gerant
2297 2080 2315 2109 ,
2348 2054 2516 2117 prae-

269 2160 421 2225 fecti
444 2159 634 2224 IIviri
681 2181 806 2223 non
855 2160 1003 2223 item
1025 2194 1120 2208 —-
1166 2154 1509 2241 funguntur
1559 2156 1719 2220 enim
1770 2179 1875 2241 per
1900 2156 2519 2221 absentiam.tantum

268 2286 567 2352 ordinarii
616 2286 1000 2373 magistratus
1033 2321 1128 2333 -—-
1158 2284 1316 2347 hanc
1345 2282 1422 2347 ob
1455 2304 1699 2347 causam
1724 2282 1802 2345 iis
1826 2304 1949 2345 non
1978 2304 2165 2366 aeque
2198 2304 2267 2346 ac
2298 2282 2519 2346 IIviris

267 2413 490 2478 civitas
553 2412 862 2476 tribuitur.
963 2410 1130 2475 Haec
1194 2410 1268 2475 de
1317 2409 1807 2474 extraordinariis
1852 2408 2305 2493 magistratibus
2352 2409 2517 2473 suffi-

273 2540 471 2619 ciant3
513 2540 768 2605 ‘iterum
841 2539 916 2603 ad
989 2538 1324 2602 ordinarios
1399 2537 1776 2601 redeundum
1848 2540 1973 2614 est,
2048 2536 2157 2619 qui
2212 2540 2516 2628 potestate

259 2669 483 2734 IIviris
531 2668 754 2732 cedunt
772 2693 791 2744 3
843 2666 980 2732 volo
1031 2670 1235 2730 autem
1283 2664 1506 2730 aediles
1555 2671 1616 2728 et
1665 2669 2027 2748 quaestores

1300 2980 1502 2990 —-—·——-

1053 3296 1091 3370 ξ
1130 3293 1188 3358 3.
1273 3295 1360 3354 De
1399 3292 1730 3354 Aedilibus.

450 3553 572 3620 Hic
643 3552 769 3632 illic
830 3554 958 3637 jam
1023 3575 1205 3638 supra
1269 3575 1368 3618 eos
1439 3552 1715 3616 Malacae
1790 3555 1852 3614 et
1922 3549 2249 3634 Salpensae
2306 3549 2509 3638 adesse

251 3680 474 3748 monui
488 3705 510 3758 3
561 3680 668 3765 qui
714 3679 843 3744 ficri
890 3701 1013 3743 non
1061 3679 1300 3764 possint
1331 3679 1626 3762 exposui,
1675 3677 1822 3740 item
1856 3676 2161 3760 quomodo
2196 3681 2505 3752 creentur3

252 3807 549 3874 aedilium
619 3829 860 3891 quoque
931 3807 1332 3871 ministerium
1383 3829 1478 3870 me
1537 3805 1831 3890 attingere
1880 3802 2159 3867 memini:
2214 3771 2329 3866 hoc
2375 3802 2508 3866 loco

251 3935 605 4000 accuratius
654 3933 724 3997 in
770 3911 928 3998 illud
976 3935 1281 4018 inquirere
1331 3933 1418 3996 fas
1467 3936 1585 3996 est.
2034 4010 2039 4016 ¹

449 4059 803 4125 Dolendum
873 4061 1120 4145 quidem
1192 4083 1384 4146 pauca
1446 4065 1689 4124 tantum
1739 4057 1813 4121 de
1863 4056 1981 4120 hoc
2030 4060 2384 4140 argumento
2440 4056 2506 4118 in

251 4191 466 4274 legum
514 4185 862 4253 Flaviarum
908 4192 1077 4272 parte
1125 4187 1444 4272 superstite
1480 4185 1707 4250 tradita
1742 4205 1868 4248 esse
1886 4231 1904 4262 ‚
1939 4182 2273 4268 gaudemus
2303 4188 2508 4246 tamen

253 4313 495 4399 aliquid
545 4311 754 4377 saltem
804 4335 1129 4398 superesse.
2220 4277 2223 4280 -

363 4432 368 4437 ⁸
447 4439 540 4502 Ex
605 4438 738 4524 lege
803 4439 1172 4504 Malacitana
1243 4438 1554 4524 probabile
1627 4446 1716 4504 est
1764 4439 1986 4504 aediles
2034 4443 2263 4522 partem
2314 4403 2501 4519 quan-
