3027 5263
1308 579 1388 639 79

410 766 634 831 Adhuc
706 788 776 831 ea
821 766 1047 852 placita
1110 766 1315 852 legum
1363 774 1711 831 nostrarum
1760 770 2033 834 recensui
2083 792 2239 855 quae
2286 773 2465 837 Sena·

217 892 314 957 tui
384 897 749 979 potestatem
821 898 1154 977 separatam
1227 891 1508 957 tribuunt
1582 893 1657 958 ab
1730 917 1801 958 ea
1872 918 2027 979 quae
2098 896 2353 983 reliquis
2401 899 2467 963 in

213 1020 532 1105 republica
579 1019 892 1083 ordinibus
941 1020 1226 1105 competit
1237 1044 1256 1096 3
1307 1028 1613 1105 praeterea
1652 1028 1855 1086 tamen
1888 1024 2110 1087 adsunt
2134 1024 2467 1091 nonnullae

214 1170 434 1212 causae
480 1147 547 1211 in
595 1147 818 1231 quibus
866 1154 1130 1233 potestas
1178 1148 1641 1233 magistratuum
1676 1149 2193 1215 circumscribitur
2226 1151 2465 1217 decreto

213 1274 614 1340 decurionum
633 1300 652 1352 3
726 1275 790 1337 in
865 1273 1027 1337 hisce
1092 1275 1286 1339 causis
1363 1276 1549 1340 modo
1614 1275 1871 1340 Senatus
1920 1277 2236 1342 observare
2288 1278 2468 1345 debet

210 1403 681 1488 magistratuum
714 1408 850 1465 acta
867 1448 884 1478 ‚
938 1400 1118 1464 modo
1165 1401 1496 1484 requiritur
1546 1402 1815 1467 eiusdem
1848 1425 2175 1468 consensus
2223 1411 2293 1469 ut
2334 1411 2467 1471 acta

209 1530 685 1615 magistratuum
749 1533 878 1593 rata
943 1525 1153 1591 haberi
1197 1527 1452 1613 possint.
1550 1527 1767 1613 Itaque
1814 1528 1949 1593 illas
1999 1552 2211 1595 causas
2258 1532 2467 1619 explo-

207 1678 436 1721 remus.

418 1781 812 1867 Magistratus
876 1778 1100 1845 liberos
1171 1780 1353 1846 fuisse
1424 1780 1492 1845 in
1568 1781 2092 1847 administratione
2160 1786 2459 1871 pecuniae

205 1907 492 1995 publicae
535 1908 660 1992 jam
709 1908 939 1971 monui.
1023 1906 1148 1986 Iis,
1203 1907 1296 1972 uti
1345 1913 1551 1992 postea
1601 1908 1800 1971 fusius
1850 1931 2187 1994 exponam,
2237 1911 2461 1977 locatio

208 2036 602 2121 vectigalium
651 2034 1304 2119 ultroquetributorum
1353 2041 1480 2098 erat
1515 2035 1818 2099 mandata.
1872 2036 2223 2122 Municipes
2258 2045 2461 2103 tamen

211 2164 496 2229 certiores
566 2162 762 2225 facere
836 2160 1014 2225 debet
1076 2161 1449 2226 locationum
1516 2184 1665 2246 quas
1734 2162 1979 2241 fecerit,
2040 2164 2463 2231 conditionum

212 2312 366 2376 quas
413 2289 670 2368 dixerit,
725 2289 938 2373 quanti
987 2287 1138 2373 quid
1186 2288 1518 2366 locaverit3
1570 2289 1716 2353 haec
1765 2290 1971 2354 omnia
2018 2290 2105 2354 ita
2144 2292 2459 2376 proposita

212 2414 435 2482 habere
497 2415 716 2494 debet,
781 2416 876 2479 uti
938 2415 1012 2479 de
1059 2416 1244 2501 plano
1293 2422 1452 2481 recte
1501 2415 1624 2502 legi
1673 2416 1925 2501 possint.
2024 2417 2301 2498 Locum,
2350 2416 2461 2482 ubi

209 2542 605 2631 proponenda
677 2547 858 2622 sunt,
912 2540 1062 2606 ordo
1112 2542 1324 2607 statuit
1358 2542 1419 2626 ¹).
1520 2541 1987 2622 Quodammodo
2034 2543 2263 2629 igitur,
2315 2544 2461 2609 licet

202 2672 384 2758 parvi
439 2671 750 2736 faciendae
799 2671 922 2734 sint
971 2676 1171 2756 partes
1220 2671 1423 2735 curiae
1487 2672 1554 2734 in
1596 2672 1731 2736 'hac
1796 2694 2004 2749 causa,
2069 2672 2458 2759 magistratus

214 2797 543 2864 arbitrium
594 2795 1116 2862 circumscribitur
1165 2799 1525 2862 auctoritate
1578 2797 1768 2861 illius.

399 2925 652 3010 Majoris
723 2925 1016 2989 momenti
1087 2933 1230 2988 sunt
1301 2931 1500 3008 partes
1567 2924 1795 2988 ordinis
1841 2924 1905 2988 in
1955 2931 2211 3010 patrono
2258 2926 2459 2992 muni·

204 3053 359 3140 cipii
429 3052 776 3117 Malacitani
842 3052 1204 3136 cooptando.
1304 3051 1579 3116 Multum
1628 3049 2007 3136 disputatum
2066 3058 2155 3115 est
2211 3052 2285 3116 de
2343 3076 2451 3130 ec,

200 3187 417 3246 utrum
479 3181 718 3265 patroni
768 3203 802 3243 a
850 3179 1110 3244 comitiis
1158 3179 1225 3242 in
1273 3178 1631 3265 municipiis
1682 3201 1759 3242 an
1792 3201 1826 3242 a
1875 3178 2041 3243 curia
2088 3179 2271 3244 creati
2306 3180 2449 3243 sint.

200 3309 432 3373 Neutri
503 3307 656 3372 hanc
715 3307 1063 3371 facultatem
1113 3307 1494 3392 competiisse
1552 3329 1663 3371 suo
1721 3306 1851 3371 loco
1910 3306 2223 3372 ostendere
2272 3330 2449 3372 cona·

199 3435 334 3500 bor.
384 3435 730 3498 Secundum
780 3435 974 3520 legem
1006 3442 1271 3498 nostram
1305 3434 1693 3518 magistratus
1728 3441 2004 3519 cooptat,
2042 3434 2207 3518 quod
2248 3441 2451 3498 tamen

198 3561 336 3627 fleri
407 3561 659 3646 nequit,
719 3562 838 3626 nisi
888 3562 1280 3646 praecesserit
1337 3561 1732 3626 decurionum
1790 3561 2116 3624 decretum.
2220 3560 2451 3640 Quanti

200 3689 526 3752 duceretur
574 3688 976 3752 ministerium
1023 3687 1250 3753 ordinis
1299 3690 1362 3753 in
1413 3689 1525 3752 hac
1576 3710 1756 3752 causa
1802 3687 2021 3772 probat
2064 3691 2451 3771 praeceptum

197 3813 398 3894 illud,
475 3814 641 3898 quod
705 3815 1010 3879 invenitur
1059 3814 1126 3878 in
1173 3814 1343 3900 lege,
1420 3821 1490 3878 ut
1532 3814 1721 3899 jurati
1769 3813 2129 3877 sententiam
2187 3812 2413 3876 ferrent
2427 3839 2445 3890 3

197 3939 369 4025 quod
442 3939 716 4004 firmatur
786 3963 1028 4025 quoque
1099 3941 1204 4004 illo
1279 3941 1430 4026 legis
1482 3947 1837 4026 praeceptO,
1910 3961 2032 4024 quo
2084 3946 2329 4003 cavetur
2380 3945 2450 4002 ut

197 4066 579 4151 cooptationi
644 4067 960 4152 praecedat
1017 4067 1324 4131 decretum
1381 4067 1811 4146 decurionum3
1866 4066 2110 4130 additur
2142 4073 2451 4151 praeterea

198 4193 271 4258 in
317 4195 438 4258 fine
489 4192 726 4280 Capitis
773 4197 853 4258 61
892 4194 1043 4280 legis
1089 4194 1280 4260 Mal.:
1335 4195 1444 4274 „Is
1493 4195 1600 4279 qui
1628 4194 1911 4260 adversus
1945 4194 2103 4258 hanc
2128 4193 2320 4278 legem
2348 4214 2453 4277 pa-

344 4453 380 4516 1)
454 4451 571 4502 Vide
608 4452 724 4517 Cap.
763 4454 824 4504 63
863 4455 979 4518 leqis
1014 4454 1134 4504 Mac.
1170 4453 1219 4502 in
1256 4453 1366 4505 fine.
