3027 5263
1335 611 1415 672 61

249 803 421 868 niam
470 806 776 886 acceptam
825 799 1056 864 tradere
1112 799 1430 886 oportebat
1477 802 1859 888 magistratui
1908 805 1985 869 ad
2036 806 2208 870 cuius
2256 810 2495 894 provin-

251 931 408 995 ciam
458 931 572 994 hoc
620 927 981 1014 pertinebat.

439 1058 503 1120 Si
552 1056 686 1140 quis
737 1061 941 1119 autem
992 1053 1246 1132 Ordini,
1299 1022 1405 1142 dui
1454 1057 1721 1122 rationes
1754 1059 2009 1142 accipit,
2051 1060 2145 1125 vel
2180 1062 2259 1126 iis
2292 1063 2399 1148 qui
2432 1065 2497 1128 in

243 1188 412 1251 hunc
481 1186 661 1248 finem
711 1183 785 1247 ab
835 1183 1065 1248 Ordine
1114 1185 1606 1265 constituuntur,
1661 1185 1815 1250 male
1862 1187 2117 1272 gessisse
2167 1189 2443 1254 videatur
2471 1241 2491 1268 ,

246 1315 418 1378 locus
464 1318 556 1376 est
603 1312 830 1376 actioni
880 1311 1071 1375 cuivis
1121 1312 1196 1375 de
1243 1312 1471 1397 populo
1507 1313 1954 1393 instituendae,
1993 1316 2251 1401 quaein
2284 1281 2497 1404 Capite

254 1445 339 1506 69
389 1439 540 1526 legis
588 1439 743 1502 Mal.
793 1437 1134 1523 respicitur.

439 1567 570 1648 Qui
641 1564 906 1629 rationes
954 1564 1206 1628 omnino
1255 1587 1380 1629 non
1429 1564 1631 1629 reddit
1682 1566 1772 1630 vel
1822 1568 2140 1652 pecuniam
2189 1567 2499 1653 publicam

246 1695 484 1759 tradere
555 1697 827 1771 recusat,
906 1692 1085 1778 quive
1158 1693 1271 1756 hoc
1341 1693 1534 1758 facere
1605 1693 1834 1758 omittit
1906 1695 2085 1759 modo
2148 1696 2280 1782 lege
2329 1718 2498 1781 prae·

246 1823 474 1907 scripto
508 1820 550 1905 ¹)
569 1869 588 1898 ,
621 1819 832 1906 quanti
883 1841 950 1883 ea
1000 1841 1092 1883 res
1141 1825 1234 1884 est
1285 1825 1525 1884 tantum
1574 1825 1636 1884 et
1684 1821 1943 1886 alterum
1976 1827 2217 1886 tantum
2243 1823 2498 1888 munici-

191 1991 195 1995 «
246 1949 434 2035 pibus
485 1949 625 2012 dare
674 1947 871 2010 debet.

435 2075 610 2157 Quae
651 2097 899 2139 munera
948 2079 1296 2160 spectentur
1329 2075 1444 2138 hoc
1479 2075 1693 2161 Capite
1724 2097 1849 2141 non
1884 2083 2130 2162 apparet
2148 2103 2166 2155 3
2201 2077 2455 2142 fortasse
2473 2125 2493 2156 ‚

245 2227 386 2270 cum
460 2208 808 2267 curatorum
867 2201 944 2265 ad
1010 2201 1384 2287 colligendos
1443 2202 1760 2266 civitatum
1836 2203 2069 2266 reditus
2094 2204 2147 2287 ²)
2223 2204 2495 2268 Malacae

243 2331 477 2396 mentio
527 2353 655 2394 non
701 2330 840 2405 fiat,
889 2328 987 2392 lex
1037 2351 1136 2392 eos
1184 2328 1382 2393 voluit
1430 2329 1771 2414 municipes
1820 2329 1914 2393 vel
1962 2329 2188 2394 incolas
2230 2331 2339 2415 qui
2388 2329 2496 2395 illo

245 2480 499 2523 munere
572 2457 988 2542 fungerentur.
1085 2455 1364 2520 Fortasse
1437 2477 1681 2539 quoque
1745 2456 1821 2519 ad
1889 2478 1987 2520 eos
2034 2456 2296 2542 pertinet
2343 2456 2495 2543 legis

246 2586 582 2675 placitum,
633 2583 857 2672 quibus
909 2606 1050 2649 cura
1097 2585 1480 2670 praediorum
1534 2583 1917 2670 publicorum
1946 2583 1993 2670 3)
2042 2584 2317 2670 injuncta
2366 2591 2493 2650 erat

246 2715 378 2779 sive
428 2713 659 2778 exactio
708 2712 999 2797 pecuniae
1050 2734 1160 2796 pro
1210 2711 1508 2797 capitibus
1534 2710 1581 2796 4)
1604 2763 1621 2792 ‚
1658 2678 1901 2797 buippe
1934 2713 2042 2797 qui
2074 2734 2281 2777 omnes
2314 2734 2495 2797 pecu·

248 2844 424 2908 niam
471 2840 778 2926 publicam
825 2845 1120 2903 tenerent.

390 3026 396 3032 .
434 2966 653 3052 Itaque
703 2966 779 3030 de
823 2965 1068 3051 juribus
1118 2964 1382 3051 publicis
1405 2965 1653 3049 populi,
1710 2972 2009 3049 quantum
2031 2966 2325 3050 perleges
2351 2965 2494 3030 lice·

241 3096 387 3170 bat,
437 3094 734 3171 vidimus3
787 3092 1220 3179 inquirendum
1263 3093 1388 3177 jam
1437 3099 1527 3156 est
1574 3092 1641 3155 in
1690 3097 2083 3178 potestatem,
2137 3114 2257 3177 qua
2302 3090 2493 3157 Mala-

240 3245 350 3287 cae
399 3228 460 3287 et
507 3221 832 3307 Salpensae
879 3220 1119 3307 gavisus
1169 3220 1248 3283 sit
1295 3225 1559 3285 senatus·

243 3546 654 3555 ---—-—-——-———·

389 3756 424 3817 ¹)
495 3756 602 3804 Hac
655 3753 1001 3817 significatione
1038 3754 1314 3819 accipienda
1349 3758 1420 3803 est
1455 3756 1677 3819 periodus
1714 3754 1798 3803 illa
1835 3754 2017 3819 Capitis
2056 3753 2151 3805 67:
2191 3754 2317 3811 „Per
2353 3768 2485 3817 quem

240 3840 456 3898 steterit,
516 3840 767 3904 quominus
802 3839 870 3888 ita
907 3840 1110 3903 pecunia
1145 3840 1466 3904 redigeretur,
1505 3841 1763 3889 referretur
1799 3854 1951 3903 quove
1986 3838 2143 3887 minus
2177 3838 2246 3887 ita
2282 3838 2491 3888 rationes

237 3926 583 3983 redderentur,
621 3926 662 3972 is
715 3940 804 3989 per
855 3939 995 3988 quem
1042 3925 1229 3973 steterit
1277 3925 1531 3988 quominus
1568 3926 1775 3973 rationes
1810 3924 2125 3973 redderentur
2173 3923 2485 3987 quoveminus

235 4010 443 4076 pecunia
478 4010 776 4071 redigeretur
813 4010 1094 4068 referretur,
1134 4008 1298 4067 caet,'’
1334 4026 1474 4073 quam
1511 4022 1811 4059 LABOULAYE
1840 4012 1937 4057 tam
1964 4010 2211 4058 confusam
2230 4024 2329 4057 esse
2354 4024 2490 4075 prae·

235 4096 436 4145 dicavit.
504 4094 609 4143 Illis
647 4095 804 4143 verbis
839 4096 966 4143 enim
1005 4096 1124 4143 duae
1162 4110 1328 4143 causae
1366 4096 1701 4157 designantur:
1742 4098 1843 4142 tam
1882 4110 2023 4143 causa
2061 4110 2227 4143 eorum
2281 4092 2361 4156 qui
2414 4108 2488 4139 ra-

234 4181 396 4230 tiones
431 4195 530 4229 non
566 4180 777 4229 reddunt
811 4180 1120 4244 pecuniamve
1157 4196 1252 4227 non
1291 4184 1538 4244 praestant
1574 4196 1715 4243 quam
1751 4195 1915 4229 eorum
1954 4180 2035 4243 qui
2070 4179 2138 4228 ita
2174 4194 2271 4227 non
2308 4177 2491 4227 faciant

237 4266 384 4315 modo
421 4265 653 4329 legitimo·

377 4350 416 4412 2)
492 4350 580 4398 Vid
618 4349 711 4414 leg.
751 4351 812 4399 18
851 4353 872 4411 §
910 4352 938 4399 9
983 4352 1046 4400 D.
1080 4352 1138 4399 de
1171 4366 1300 4399 mun.
1339 4358 1386 4399 et
1419 4350 1529 4399 leon.
1566 4350 1721 4411 (50.4)

381 4436 422 4497 3)
491 4435 584 4484 vid
621 4435 712 4498 leg.
753 4436 778 4482 1
821 4437 843 4495 ᾗ
879 4436 908 4484 2
947 4436 1005 4483 D.
1042 4436 1101 4483 de
1138 4452 1246 4484 mun
1282 4439 1330 4483 et
1362 4435 1472 4486 hon.
1507 4436 1663 4499 (50.4)

377 4518 420 4583 4)
491 4519 582 4568 Vid
617 4520 709 4583 leg.
753 4522 814 4569 18
851 4522 874 4581 §
912 4522 940 4569 8
978 4520 1038 4569 D.
1075 4520 1224 4569 εἰη-πῖ.
1268 4520 1356 4569 Tit.
