3027 5263
1546 553 1672 615 172

476 746 628 832 quid
676 768 883 811 eorum
936 747 999 812 in
1072 769 1227 832 quae
1292 748 1634 834 cognitores
1683 747 1826 812 facti
1876 753 2021 813 sunt
2070 747 2154 811 ita
2204 770 2328 812 non
2387 747 2530 827 erit,
2582 749 2622 812 i.
2681 771 2735 813 e.

478 874 530 938 si
577 873 792 939 falsam
842 875 1324 940 aestimationem
1373 875 1622 962 professi
1674 881 1821 940 sunt
1864 877 1928 960 ¹).

668 1003 905 1068 Similes
971 1004 1186 1069 horum
1251 1003 1638 1089 cognitorum
1705 1003 1856 1068 mihi
1922 1002 2202 1068 videntur
2244 1005 2544 1090 juratores
2592 1006 2729 1090 qui-

481 1129 593 1195 bus
640 1153 909 1198 censores
958 1133 1049 1198 uti
1095 1129 1367 1197 solebant
1416 1132 1642 1196 Romae
1675 1131 1758 1215 2);
1809 1130 2018 1195 arbitri
2067 1153 2310 1216 quoque
2359 1131 2436 1196 ad
2485 1132 2730 1218 fidejus·

478 1280 639 1324 sores
686 1259 1031 1345 probandos
1058 1261 1145 1344 ³);
1180 1259 1570 1326 affirmatores
1601 1259 1864 1345 denique
1898 1265 2169 1324 tutorum
2214 1260 2321 1344 qui
2354 1260 2419 1324 in
2455 1261 2729 1348 Digestis

482 1394 899 1454 memorantur
932 1387 1003 1474 4).

667 1513 865 1596 Haec,
927 1515 1169 1602 opinor,
1232 1515 1550 1580 sufficiunt
1607 1521 1676 1579 ut
1725 1514 1980 1580 aliorum
2014 1516 2313 1580 sententia
2369 1516 2445 1581 de
2497 1517 2729 1604 subsig-

479 1641 727 1707 natione
776 1642 1155 1727 praediorum
1205 1649 1608 1729 cognoscatur
1655 1649 1715 1708 et
1765 1665 1898 1708 mea
1945 1641 2303 1709 declaretur.
2405 1643 2594 1726 Quod
2647 1647 2724 1711 ad

479 1771 819 1856 cognitores
868 1771 1117 1848 attinet,
1175 1770 1317 1836 licet
1366 1793 1465 1836 eos
1510 1793 1987 1856 supervacaneos
2023 1777 2197 1856 putet
2245 1775 2674 1859 Limonum-³)
2706 1823 2725 1853 ,

480 1897 615 1984 lege
680 1897 1049 1964 Malacit-ana
1112 1906 1344 1986 reperta
1422 1898 1743 1964 verisimile
1807 1899 1964 1965 duco
2039 1922 2138 1964 eos
2207 1922 2450 1986 quoque
2503 1901 2734 1968 Romae

480 2025 787 2092 adhibitos
837 2025 1043 2092 fuisse.

737 2536 775 2613 §
814 2537 873 2598 4.
926 2537 1013 2598 De
1064 2535 1357 2614 praedm
1406 2537 1592 2614 atque
1644 2535 2030 2615 praediorum
2083 2534 2452 2596 venditione·

669 2796 743 2861 In
793 2805 963 2884 parte
1010 2797 1305 2883 superiori
1354 2796 1428 2861 de
1476 2802 1692 2861 natura
1740 2794 2182 2881 obligationum
2232 2796 2509 2861 omnium
2563 2798 2738 2863 debi-

484 2930 683 2989 torum
733 2924 1150 3012 publicorum,
1204 2926 1277 2991 de
1334 2932 1554 2989 natura
1612 2946 1856 3009 quoque
1909 2923 2300 3009 obligationis
2334 2924 2580 3011 praedis
2621 2926 2739 2990 dis-

482 3053 716 3139 putavi.
769 3053 1191 3140 Amplitudine
1240 3075 1309 3117 ac
1357 3052 1683 3118 acerbitate
1734 3052 1994 3116 maxime
2044 3058 2170 3115 erat
2205 3051 2440 3116 diversa
2475 3052 2552 3117 ab
2581 3052 2743 3118 obli-

634 3375 667 3439 1)
738 3377 857 3426 Vide
892 3377 1047 3442 Caput
1083 3378 1148 3425 64
1182 3377 1296 3441 ἱερὴ
1334 3378 1454 3426 Mal.

628 3461 669 3523 2)
739 3462 857 3511 Vide
890 3475 1433 3525 Beonan-mammam
1466 3460 1518 3510 in
1559 3463 1643 3523 Op.
1679 3461 1715 3509 l.
1752 3458 1865 3519 22,
1901 3476 1947 3524 p.
1988 3460 2106 3508 202.

627 3545 667 3608 3)
739 3547 813 3595 cf.
848 3546 940 3611 leg.
977 3548 1033 3604 9,
1080 3548 1154 3597 10.
1197 3548 1252 3598 D.
1288 3547 1367 3611 qui
1411 3546 1648 3595 satisdare
1681 3548 1912 3610 coquntur
1957 3545 2094 3605 (2.8.)
2131 3546 2182 3591 et
2230 3543 2322 3606 leg.
2360 3542 2389 3594 7
2427 3544 2450 3603 §
2487 3544 2534 3593 3.
2571 3544 2640 3593 D.
2679 3546 2746 3594 de

490 3631 748 3681 minoribus
782 3634 923 3695 (4.4.)

626 3715 666 3777 4)
740 3717 855 3766 Vide
890 3718 983 3782 leg.
1018 3720 1051 3766 4
1086 3718 1107 3777 §
1144 3719 1190 3766 3.
1230 3719 1290 3767 D.
1326 3717 1385 3765 de
1401 3717 1625 3783 fideiuss.
1661 3719 1707 3764 et
1743 3730 1864 3763 nom.
1902 3712 2078 3774 (27.7).

627 3802 667 3865 5)
737 3802 803 3852 Iis
838 3818 933 3852 non
972 3816 1094 3867 opus
1128 3802 1270 3851 fuisse
1309 3802 1556 3851 contendit
1589 3802 1656 3864 (in
1695 3800 1880 3866 Operet
1915 3802 1984 3849 les
2021 3799 2197 3855 Tables,
2241 3814 2290 3863 1).
2317 3798 2380 3845 46
2419 3800 2522 3846 not.
2549 3799 2643 3857 42,
2671 3800 2740 3848 45

490 3890 538 3937 et
573 3889 675 3951 46),
712 3888 822 3952 quia
858 3887 1270 3952 Romaepraedia
1308 3891 1423 3936 nota
1458 3891 1596 3935 erant
1633 3902 1691 3935 ex
1725 3886 1906 3936 tabulis
1944 3884 2171 3934 censoriis
2183 3904 2198 3942 ;
2237 3899 2398 3932 verum
2438 3883 2632 3947 quidem
2667 3888 2747 3933 est

490 3973 704 4040 praedia,
742 3989 860 4037 quae
895 3974 944 4021 in
980 3973 1191 4022 dominio
1217 3973 1335 4023 iuris
1373 3972 1637 4039 Quiritium
1674 3974 1832 4021 essent
1863 3970 2050 4035 (quibus
2078 3969 2216 4018 modo
2256 3968 2410 4017 caveri
2448 3972 2612 4033 posset
2647 3970 2744 4017 rei-

491 4058 726 4124 publicae)
764 4058 938 4107 tabulis
975 4058 1200 4107 censoriis
1236 4058 1463 4123 inscripta
1498 4057 1668 4115 fuisse3
1707 4059 1916 4105 attamen
1954 4070 2028 4104 res
2054 4055 2155 4119 ipsa
2181 4054 2320 4102 docet
2355 4053 2479 4101 hanc
2516 4054 2743 4103 observa·

489 4145 674 4193 tionem
709 4144 893 4193 ratione
928 4144 1091 4193 habita
1127 4144 1493 4208 municipiorum
1529 4142 1808 4192 Latinorum
1847 4140 2024 4189 nullius
2059 4140 2290 4189 momenti
2328 4154 2452 4197 esse3
2491 4145 2746 4203 praeterea

491 4230 671 4279 Romae
717 4230 988 4294 cognitores
1041 4244 1236 4294 prorsus
1290 4228 1483 4277 inutiles
1521 4228 1668 4277 fuisse
1703 4225 1960 4275 concedere
1999 4241 2091 4274 non
2131 4240 2318 4289 possem
2341 4262 2355 4283 ,
2393 4239 2503 4272 nam
2538 4224 2748 4287 singulis

492 4314 655 4365 lustris
691 4328 858 4363 census
892 4313 1143 4379 agebatur,
1185 4314 1224 4362 si
1250 4314 1409 4363 autem
1434 4312 1562 4361 intra
1587 4311 1677 4361 hoc
1703 4314 1890 4375 ternpus
1916 4309 2162 4375 praedium
2191 4312 2312 4357 esset
2336 4308 2716 4373 subsignandum
2736 4346 2750 4369 ‚

490 4415 779 4466 magnopere
814 4400 967 4467 pretio
993 4399 1144 4448 minui
1168 4398 1402 4464 potuisset
1427 4398 1539 4446 inde
1564 4414 1591 4447 a
1616 4401 1830 4461 tempore
1857 4412 2025 4445 census
2050 4396 2172 4453 acti,
2200 4410 2294 4458 quo
2318 4393 2462 4443 fiebat
2482 4396 2540 4442 ut
2575 4394 2750 4459 cogni·

491 4491 647 4548 tores,
688 4487 863 4553 quippe
898 4486 978 4551 qui
1013 4485 1170 4535 denuo
1208 4500 1265 4533 ex
1302 4499 1415 4533 vero
1452 4483 1700 4549 praedium
1737 4482 2070 4541 aestimarent,
2101 4496 2217 4531 sane
2255 4480 2395 4529 utiles
2419 4482 2595 4529 essent.
