3027 5263
1389 592 1473 655 39

315 783 482 870 quod
531 789 734 850 tamen
781 806 1022 871 prorsus
1069 785 1318 870 negavit
1342 784 1416 868 ¹),
1467 785 1591 848 imo
1641 783 1877 850 addidit
1900 785 2101 851 edicto
2128 807 2560 854 vnsmsuNUM

314 911 532 977 frustra
579 911 933 999 municipiis
981 911 1376 977 Latinitatem
1425 911 1756 990 obtulisse,
1808 912 2069 978 edictum
2106 936 2247 1000 ergo
2298 914 2461 999 quod
2496 915 2557 978 in

261 1050 268 1056 '
312 1039 446 1125 lege
479 1038 847 1126 Salpensana
879 1046 1274 1119 memoretur,
1315 1039 1478 1104 idem
1511 1061 1637 1104 esse
1669 1039 2000 1126 proclamat
2038 1047 2219 1126 atque
2253 1040 2409 1106 illud
2436 1063 2557 1127 quo

313 1183 558 1233 rumos
606 1173 808 1232 narret
855 1167 1290 1252 Imperatorem
1339 1167 1653 1232 universae
1704 1167 2041 1254 Hispaniae
2088 1167 2339 1233 Latium
2370 1169 2560 1234 tribu·

315 1293 448 1358 isse.
471 1293 519 1379 2)
570 1295 729 1360 Cum
765 1300 968 1360 tamen
993 1317 1069 1358 ex
1093 1294 1278 1358 variis
1301 1294 1505 1382 legum
1532 1295 1771 1381 placitis
1798 1297 1943 1360 satis
1968 1304 2281 1382 appareret
2305 1296 2559 1362 Latinos

314 1421 590 1488 Malacae
635 1422 1086 1507 Salpensaeque
1134 1421 1357 1500 fuisse,
1409 1445 1608 1507 neque
1640 1421 1941 1508 explicare
1975 1430 2175 1508 posset
2206 1443 2408 1488 zum
2440 1445 2561 1509 quo

313 1548 495 1614 modo
542 1549 675 1612 fieri
737 1554 941 1633 posset
987 1557 1059 1612 ut
1111 1548 1196 1612 ibi
1246 1549 1705 1626 invenirentur,
1756 1572 1895 1614 cum
1944 1550 2344 1616 Latinitatem
2391 1574 2555 1618 recu-

311 1698 478 1740 sasse
547 1675 725 1740 hasce
773 1674 952 1740 urbes
1003 1675 1298 1753 dixisset,
1355 1675 1672 1740 contendit
1720 1677 1885 1761 quod
1935 1677 2081 1742 alibi
2128 1677 2283 1742 forte
2330 1678 2559 1743 factum

310 1802 426 1880 sit,
478 1803 544 1865 in
593 1802 941 1887 municipiis
991 1823 1235 1888 quoque
1282 1803 1504 1867 nostris
1538 1802 1747 1868 locum
1784 1803 2097 1869 habuisse:
2150 1805 2385 1870 scilicet
2416 1829 2557 1892 gen·

311 1936 405 1994 tes
467 1929 758 2014 quasdam
823 1929 896 1994 iis
959 1929 1287 1994 attributas
1353 1930 1577 2006 fuisse,
1642 1953 1828 2014 quaS,
1894 1951 2270 1996 vasusuno
2340 1933 2561 2019 Hispa·

312 2055 449 2122 niae
496 2055 890 2120 Latinitatem
940 2056 1263 2136 offerente,
1316 2056 1463 2122 licet
1526 2057 1717 2121 maior
1766 2058 1993 2122 civium
2044 2081 2179 2144 pars
2232 2062 2555 2144 spreverit,

313 2183 573 2248 libenter
629 2205 761 2248 eam
834 2183 1129 2269 accepisse
1195 2184 1392 2249 refert.
1489 2184 1841 2249 Dolendum
1913 2191 2007 2248 est
2080 2185 2235 2249 hanc
2294 2186 2560 2272 disputa-

313 2310 547 2377 tionem
619 2311 894 2396 quamvis
959 2310 1112 2376 bene
1159 2310 1569 2397 excogitatam
1614 2311 1784 2376 omni
1830 2311 2121 2376 historico
2170 2312 2563 2378 fundamento

317 2460 516 2506 carere
527 2464 547 2516 3
595 2461 738 2504 nam
786 2437 1261 2517 „attributorum
1283 2437 1344 2519 ,''
1393 2445 1465 2502 ut
1498 2438 1695 2503 verbis
1745 2445 1883 2502 utar
1912 2439 2031 2503 viri
2062 2439 2135 2505 cl.
2161 2459 2449 2506 nunoarr
2464 2490 2483 2520 ,
2514 2442 2562 2526 ³)

317 2565 711 2651 „municipiis
743 2564 972 2633 Flaviis
990 2566 1038 2652 4)
1071 2564 1475 2653 populorum,
1511 2566 1682 2630 nulla
1727 2566 1789 2629 in
1827 2587 2131 2653 quoquam
2168 2579 2562 2635 monumento

313 2717 430 2759 nec
478 2693 648 2773 vola,
699 2694 865 2779 quod
915 2694 1138 2771 sciam,
1187 2716 1300 2759 nec
1364 2694 1693 2779 vestigium
1740 2693 1996 2759 exstat.”

503 2822 550 2885 J
551 2845 649 2887 am
699 2844 841 2887 vero
881 2821 1158 2886 attendas
1189 2822 1267 2886 ad
1301 2822 1567 2886 edictum
1601 2821 1755 2885 illud
1788 2842 2128 2887 nonnum
2160 2844 2285 2908 quo
2317 2822 2567 2909 Salpen-

317 2972 496 3017 sanos
545 2950 848 3015 civitatem
899 2956 1256 3015 consecutos
1305 2970 1432 3013 esse
1481 2948 1676 3013 voluit
1706 2968 1933 3014 zum’rr.
1982 2949 2414 3034 Improbabilis
2440 2952 2564 3036 jam

315 3078 468 3143 haec
515 3076 869 3142 asseveratio
904 3076 1210 3141 videbitur
1230 3124 1246 3153 ,
1281 3076 1332 3141 si
1366 3082 1679 3141 teneamus
1713 3076 1890 3140 hasce
1925 3075 2087 3161 leges
2120 3077 2360 3142 Latinis
2392 3078 2565 3143 datas

319 3226 478 3283 ess03
527 3204 758 3268 accedit
807 3226 982 3281 vero,
1038 3204 1242 3269 locum
1293 3202 1398 3267 ubi
1440 3203 1509 3267 in
1542 3203 1675 3289 lege
1710 3202 1907 3267 edicta
1938 3211 2351 3268 memorentur
2382 3204 2566 3269 aliam

317 3354 418 3397 me
461 3332 666 3417 judice
713 3331 1178 3417 explicationem
1232 3331 1559 3417 postulare.
1610 3332 1701 3395 Re
1733 3353 1871 3396 vera
1903 3331 1968 3395 in
2004 3330 2217 3418 Capite
2252 3334 2337 3397 22
2376 3356 2450 3397 en
2480 3337 2563 3397 23

316 3460 475 3546 legis
523 3459 688 3545 Salp.
739 3459 815 3524 de
865 3460 1108 3525 civitate
1179 3459 1601 3545 consequenda
1658 3482 1733 3524 ex
1782 3458 1979 3523 edicto
2050 3480 2395 3525 Dom‘rum
2442 3460 2571 3545 agi·

464 3645 500 3707 ¹)
570 3645 678 3693 vid.
713 3646 855 3695 Auet.
890 3645 940 3694 in
983 3644 1069 3708 Op.
1103 3646 1237 3695 laud.
1273 3662 1320 3710 p.
1360 3646 1476 3696 320.
1515 3646 1705 3709 Itaque,
1744 3650 1796 3694 ut
1833 3645 1989 3693 obiter
2024 3644 2242 3701 afferam,
2278 3643 2423 3708 plane
2449 3661 2567 3710 pug-

316 3733 406 3781 nat
437 3729 539 3779 eius
567 3728 729 3793 opinio
765 3744 875 3779 cum
910 3729 1027 3794 ipsis
1061 3730 1181 3794 legis
1217 3730 1391 3779 verbis.
1433 3729 1540 3778 Vid.
1577 3733 1721 3793 eaput
1760 3729 1825 3777 22
1864 3732 1914 3777 et
1950 3729 2012 3777 23
2051 3728 2170 3791 legis
2202 3726 2337 3792 Salp-

461 3813 501 3875 2)
569 3814 702 3863 Stud.
741 3815 872 3864 Rom.
910 3830 958 3879 p.
996 3814 1113 3865 310.
1148 3814 1292 3879 Quod
1328 3814 1585 3862 verisimile
1624 3828 1723 3862 esse
1761 3828 1847 3875 ego
1886 3827 2072 3876 quoque
2098 3810 2329 3869 arbitron
2358 3814 2569 3863 attamen

316 3913 416 3947 non
471 3900 684 3955 constat,
739 3913 848 3945 nam
901 3899 1136 3947 nescimus
1172 3914 1287 3946 num
1339 3910 1686 3946 vaspasunus
1744 3897 1897 3946 edicto
1950 3894 2263 3945 Latinitatem
2307 3896 2571 3961 Hispaniae

318 3982 564 4033 tribuerit.

458 4066 498 4129 ³)
567 4068 714 4116 Recte
748 4066 1009 4132 municipia
1044 4066 1270 4116 dicuntur
1293 4066 1460 4116 Flavia
1493 4070 1595 4115 tam
1631 4066 1682 4115 in
1720 4066 1837 4130 ipsis
1873 4066 2058 4129 legibus
2096 4065 2195 4127 (vid
2229 4066 2347 4130 legis
2372 4066 2571 4132 Salpen-

315 4166 461 4202 aanae
497 4151 667 4215 Capita
692 4152 783 4208 28,
809 4153 890 4201 29.
919 4152 1035 4214 legis
1070 4152 1394 4200 Malacitanae
1428 4152 1602 4215 Capita
1644 4152 1735 4209 59,
1762 4151 1853 4209 61,
1882 4151 1974 4210 62,
2006 4151 2088 4199 64.
2122 4154 2233 4212 cet.)
2259 4166 2406 4215 quam
2432 4152 2575 4212 alibi;

314 4236 410 4285 hoe
444 4235 572 4284 enim
607 4237 893 4300 cognomine
929 4241 1145 4297 utuntur,
1175 4237 1246 4286 uti
1270 4236 1368 4287 alia
1390 4222 1656 4300 complura,
1687 4237 1797 4299 quia
1820 4248 1963 4285 'rx‘rus
1987 4248 2203 4285 rnsvms
2228 4248 2571 4288 mansimus

315 4321 378 4369 iis
412 4320 724 4371 Latinitatem
758 4322 1012 4372 tribuerat.

458 4404 499 4467 ⁴)
571 4406 663 4455 vid
715 4410 960 4457 auctorem
994 4408 1044 4455 in
1083 4406 1418 4471 Disputatione
1456 4406 1665 4457 Critiae:
1704 4406 1779 4454 De
1814 4406 1989 4468 majore
2028 4420 2088 4454 ac
2120 4405 2298 4454 minore
2331 4404 2473 4453 Latio
2506 4406 2575 4453 ad

323 4492 496 4543 Gaium
529 4492 584 4551 1,
622 4493 644 4551 §
681 4492 766 4551 95,
811 4493 874 4542 96
913 4492 1126 4541 Berolini
1166 4493 1297 4543 1860
1334 4508 1382 4557 p.
1423 4492 1504 4542 19.
