3027 5263
1553 547 1682 607 226

690 744 918 808 Pueros
981 737 1323 825 impuberes
1386 741 1620 801 tutores
1685 735 1814 800 dari
1883 757 2054 820 posse
2119 735 2186 798 in
2236 735 2570 821 municipio
2620 736 2754 800 Sal-

510 892 777 956 pensauo
826 868 923 932 lex
972 874 1176 932 nostra
1222 888 1349 929 non
1398 864 1596 929 docet.

692 997 790 1060 Ad
852 995 1081 1060 IIIum.
1193 992 1437 1058 Nititur
1510 993 1659 1055 haee
1723 990 2106 1054 ratiocinatio
2171 989 2516 1074 conjectura
2565 1013 2754 1074 quam

505 1123 821 1210 proposuit
868 1143 1139 1196 uranon,
1188 1127 1258 1183 ut
1283 1117 1686 1182 masculinum
1716 1139 1907 1202 genus
1935 1117 2085 1200 „qui
2120 1117 2338 1201 pupilli
2372 1139 2496 1180 non
2532 1117 2755 1182 erunt”

506 1257 667 1314 recte
700 1249 764 1312 iu
800 1248 931 1333 lege
963 1248 1251 1333 seriptum
1288 1268 1415 1310 esse
1450 1244 1714 1308 doceret.
1769 1244 1966 1328 Supra
1999 1249 2200 1306 aut-em
2233 1243 2325 1306 illi
2360 1245 2762 1328 explicationi

501 1379 629 1460 jam
676 1375 995 1440 oblocutus
1042 1397 1173 1439 sum
1216 1374 1283 1458 ¹).

694 1503 917 1566 Dubiis
981 1501 1101 1565 illis
1168 1501 1372 1584 itaque
1434 1498 1693 1562 sublatis
1709 1545 1728 1574 ,
1782 1497 1944 1561 salva
2008 1503 2150 1561 sunt
2223 1519 2377 1581 quae
2450 1521 2633 1582 supra
2681 1499 2763 1562 de

512 1631 745 1694 diverso
794 1651 1012 1714 genere
1059 1627 1390 1691 tutelarum
1440 1625 1761 1709 disputavi.

697 1755 989 1818 Similiter
1038 1777 1105 1816 ae
1154 1755 1383 1816 Romae
1432 1752 1680 1816 fuerunt
1729 1751 1964 1814 diversa
2011 1773 2229 1834 genera
2276 1751 2641 1832 tutelarum,
2672 1754 2764 1816 ita

511 1903 756 1966 quoque
782 1881 917 1964 jure
948 1880 1226 1944 Romano
1261 1878 1616 1942 differebant
1648 1879 1806 1941 inter
1840 1900 1902 1940 se
1936 1883 2197 1952 tutores;
2233 1884 2404 1940 erant
2437 1878 2595 1942 enim
2648 1881 2764 1964 qui

509 2031 541 2070 a
578 2007 929 2092 parentibus
963 2013 1322 2071 testamento
1357 2005 1563 2068 liberis
1597 2005 1704 2089 qui
1733 2004 1796 2067 in
1835 2004 2106 2086 ipsorum
2139 2010 2434 2088 potestate
2467 2013 2638 2068 erant
2669 2029 2767 2069 re-

506 2135 927 2217 linquerentur
945 2134 1032 2216 ²);
1082 2141 1252 2197 erant
1301 2154 1546 2216 quoque
1595 2138 1825 2194 tutores
1861 2129 2155 2215 legitimi,
2209 2131 2433 2215 quibus
2464 2131 2563 2196 lex
2601 2140 2758 2196 tute-

510 2260 629 2323 lam
682 2259 985 2323 deferebat
1012 2259 1059 2342 ³)
1082 2285 1101 2336 3
1154 2259 1419 2342 denique
1467 2264 1698 2322 tutores
1749 2281 1782 2320 a
1817 2257 2174 2341 magistratu
2212 2258 2340 2321 dari
2381 2265 2662 2342 poterant
2687 2261 2757 2343 ⁴).

700 2385 1018 2450 Praevalet
1083 2385 1333 2448 omnino
1392 2385 1528 2468 jure
1576 2384 1852 2448 Romano
1901 2383 2094 2446 tutela
2143 2385 2624 2462 testamentaria,
2675 2387 2763 2448 ita

512 2520 583 2577 ut
648 2535 883 2598 semper
950 2514 1007 2576 ei
1070 2513 1341 2596 legitima
1405 2511 1596 2575 tutela
1663 2511 1835 2575 cedat
1867 2511 1950 2595 5),
2015 2511 2180 2594 quod
2237 2509 2385 2574 adeo
2435 2511 2761 2596 urgebatur

508 2648 579 2703 ut
651 2640 945 2726 quamdiu
1018 2646 1363 2719 speraretur
1418 2639 1872 2702 testamentaria
1927 2638 2155 2713 tutela,
2205 2637 2464 2723 legitimi
2528 2646 2758 2703 tutores

510 2790 633 2831 non
706 2766 1096 2830 succederent
1130 2765 1177 2849 ὃ)
1199 2791 1218 2843 3
1296 2766 1485 2829 tutela
1559 2788 1697 2829 vero
1757 2789 1791 2828 a
1865 2765 2219 2849 magistratu
2269 2765 2466 2829 delata
2531 2774 2760 2851 postre-

509 2918 677 2958 mum
754 2894 959 2958 locum
1026 2893 1360 2978 occupabat
1444 2893 1674 2977 quippe
1749 2914 1902 2975 quae
1973 2870 2216 2955 tantum
2287 2894 2349 2955 in
2415 2892 2762 2958 subsidium

516 3021 903 3086 adhiberetur
926 3071 943 3100 ‚
994 3022 1045 3083 si
1078 3022 1177 3085 eui
1210 3020 1419 3084 nullus
1471 3021 1720 3083 omnino
1770 3026 1937 3083 tutor
1971 3029 2128 3083 esset
2165 3020 2244 3103 ⁷),
2299 3021 2392 3083 vel
2420 3023 2472 3083 si
2497 3022 2764 3086 incertus

515 3156 669 3213 esset
715 3155 912 3226 tutor,
981 3147 1441 3211 testamentaria
1490 3145 1685 3209 tutela
1734 3168 2054 3230 suspensa,
2109 3168 2164 3208 v.
2193 3169 2252 3229 g.
2283 3147 2335 3209 si
2359 3152 2526 3211 tutor
2552 3158 2765 3233 eaptus

518 3281 677 3339 esset
727 3274 801 3337 ab
838 3274 1109 3337 hostibus
1122 3300 1139 3349 ;
1191 3280 1321 3336 tum
1357 3273 1520 3337 enim
1553 3272 1746 3336 tutela
1783 3271 2053 3357 peribat,
2093 3294 2365 3336 reversus
2402 3268 2604 3337 autem
2632 3276 2765 3359 jure

514 3399 879 3487 postliminii
915 3401 1119 3465 omnia
1155 3399 1417 3485 pristina
1444 3400 1616 3483 jura,
1649 3398 1910 3463 tutelam
1948 3421 2220 3483 quoque,
2257 3399 2476 3485 aliquis
2507 3402 2767 3487 recipere

650 3764 685 3820 1)
757 3763 875 3812 Vide
914 3764 1044 3814 Diss.
1080 3780 1129 3827 p.
1166 3764 1263 3813 223
1304 3767 1405 3816 not.
1443 3764 1489 3813 6.

650 3847 692 3909 ²)
762 3849 879 3897 Vide
916 3863 1111 3907 Garun,
1150 3849 1271 3897 Inst.
1296 3850 1401 3898 Lib.
1430 3850 1453 3896 1
1486 3849 2776 3911 §144-1503InsaJusmib.1¹1¹it.13§3—5.

645 3931 686 3993 ³)
758 3946 954 3991 Gaium,
995 3934 1117 3982 [ησύ.
1154 3933 1259 3983 Lib.
1302 3936 1321 3981 l
1364 3936 1386 3993 §
1425 3934 1693 3981 155-159
1722 3937 1772 3981 et
1794 3934 1920 3993 1653
1961 3934 2020 3981 cf.
2065 3936 2180 3983 [nst.
2215 3935 2340 3983 Just.
2376 3935 2480 3984 Lib.
2509 3937 2647 3985 l'rit.
2679 3938 2766 3997 15,

513 4014 575 4066 17
618 4019 665 4063 et
708 4018 784 4065 18.

638 4098 681 4161 4)
754 4099 872 4147 Vide
908 4114 1098 4160 GAIUM,
1136 4102 1260 4151 [nst.
1296 4102 1402 4151 Lib.
1448 4104 1469 4149 1
1508 4105 1530 4160 §
1575 4102 1872 4158 185—188;
1919 4103 2038 4151 Inst.
2081 4103 2202 4151 Just,
2239 4103 2344 4151 Lib.
2385 4104 2408 4151 l
2447 4104 2542 4153 Tit.
2582 4104 2662 4154 20.

642 4184 683 4247 5)
757 4184 873 4232 Vide
926 4185 1017 4247 leg.
1054 4188 1108 4244 9,
1148 4189 1169 4247 §
1214 4190 1235 4235 l
1286 4187 1333 4234 in
1380 4188 1472 4234 fine
1522 4188 1580 4235 D.
1631 4190 1690 4235 de
1725 4192 1814 4238 tut.
1852 4193 1899 4236 et
1933 4192 2026 4237 rat.
2063 4188 2259 4237 distrah.
2297 4186 2466 4248 (27.8).
2504 4190 2563 4239 ef.
2603 4205 2770 4240 ouum

506 4270 633 4319 Inst.
680 4270 699 4315 1
744 4271 765 4327 §
807 4270 921 4317 155.

648 4352 689 4415 θ)
762 4352 879 4401 Vide
916 4352 1013 4416 leg.
1054 4354 1113 4402 11
1155 4370 1228 4417 pr.
1264 4354 1324 4405 D.
1360 4356 1421 4403 de
1456 4360 1566 4405 test.
1597 4360 1688 4405 tut.
1727 4356 1896 4416 (26.2).

644 4437 687 4509 7)
761 4435 880 4487 Vide
917 4448 1111 4496 aarum,
1152 4440 1270 4489 [nst.
1309 4438 1413 4487 Lib.
1457 4440 1482 4488 1
1524 4442 1544 4501 §
1586 4440 1709 4500 1853
1748 4440 1808 4493 ef.
1845 4442 1966 4492 Inst.
2000 4443 2123 4492 Just.
2163 4440 2266 4492 Lib.
2309 4442 2332 4491 1
2375 4440 2471 4494 Tit.
2507 4441 2573 4491 20
2608 4457 2684 4511 pr.
