3027 5263
1645 563 1727 623 62

1465 755 1747 820 CAPUT
1798 755 1885 819 II.

1352 934 1481 988 DE
1558 933 2015 989 ORDINE.

743 1147 948 1214 Multa
995 1149 1140 1211 sunt
1188 1144 1411 1230 placita
1459 1144 1525 1208 in
1572 1142 1809 1230 legibus
1858 1143 2119 1222 Fluviis,
2170 1167 2325 1230 quae
2385 1147 2804 1214 demonstrant

553 1277 848 1343 Senatum
877 1271 1312 1358 municipalem
1353 1271 1629 1336 Malacae
1661 1278 1722 1336 et
1752 1271 2081 1356 Salpensae
2120 1272 2359 1338 affuisse
2377 1299 2397 1352 3
2449 1297 2651 1362 neque
2684 1277 2803 1342 hoc

554 1403 740 1470 dubio
790 1402 1121 1468 obnoxium
1171 1421 1295 1464 esse
1341 1404 1581 1484 posset,
1618 1420 1759 1463 cum
1807 1400 2089 1463 instituta
2136 1401 2529 1486 municipalia
2576 1403 2801 1469 similia

551 1531 842 1599 Romanis
873 1531 1054 1595 fuisse
1083 1528 1448 1595 noverimus.
1501 1525 1734 1591 Eodem
1768 1533 1973 1592 tamen
2006 1528 2255 1592 nomine
2282 1551 2408 1593 non
2434 1551 2672 1616 semper
2702 1554 2797 1595 ea-

551 1661 691 1726 dem
725 1659 1040 1734 dieuntur,
1075 1658 1252 1720 cuius
1283 1655 1370 1720 rei
1403 1654 1807 1720 certissimum
1841 1655 2257 1720 testimouium
2290 1656 2407 1721 hoc
2440 1657 2575 1722 loco
2606 1658 2793 1723 adest.

740 1783 952 1865 Quum
1001 1781 1164 1846 enim
1212 1780 1320 1865 qui
1367 1779 1593 1844 Romae
1642 1781 1899 1846 Senatus
1940 1781 2267 1867 participes
2300 1789 2445 1846 sunt
2478 1783 2796 1850 Senatores

549 1913 674 1976 sive
722 1917 920 1996 patres
968 1909 1282 1985 dicantur,
1345 1907 1496 1972 socii
1548 1907 1806 1972 Senatus
1856 1909 2241 1995 municipalis
2286 1909 2647 1997 plerumque
2696 1912 2795 1978 de-

547 2038 828 2104 curiones
875 2041 1185 2102 vocantur.
1253 2033 1498 2120 Ubique
1548 2035 1672 2100 fere
1720 2035 1827 2100 ubi
1880 2035 1955 2100 de
2002 2037 2227 2102 Senatu
2276 2037 2649 2103 Malacitano
2697 2040 2795 2104 vel

543 2165 918 2251 Salpensauo
989 2162 1356 2250 praescripta
1429 2169 1792 2241 occurrunt,
1861 2163 2216 2228 decuriones
2264 2171 2677 2230 memorantur
2706 2166 2792 2250 ¹),

544 2315 700 2379 quae
737 2313 858 2358 vox
903 2297 1108 2356 tamen
1159 2290 1399 2376 saepius
1445 2295 1827 2376 permutatur
1876 2311 2013 2354 cum
2048 2290 2344 2358 vocabulo
2379 2293 2793 2378 „conscripti”

543 2421 639 2486 vel
687 2443 826 2485 cum
875 2443 948 2485 eo
999 2419 1409 2504 conjungitur.

731 2546 918 2627 Quod
979 2567 1118 2610 cum
1189 2546 1376 2610 etiam
1447 2545 1512 2610 in
1586 2545 1797 2610 tabula
1860 2546 2245 2612 Heracleensi
2300 2547 2432 2611 fieri
2480 2547 2673 2613 soleat
2696 2549 2788 2635 ²),

540 2676 876 2741 Dinoxsnn
903 2673 950 2758 ³)
1003 2674 1360 2739 decuriones
1393 2680 1454 2739 et
1488 2674 1829 2759 concriptos
1862 2674 2074 2740 eodem
2098 2674 2283 2739 modo
2309 2674 2579 2740 diversos
2603 2677 2795 2743 fuisse

539 2808 717 2889 putat
765 2824 834 2867 ac
873 2802 1101 2866 Romae
1141 2807 1342 2887 patres
1383 2824 1418 2865 a
1461 2802 1815 2888 conscriptis
1850 2802 2368 2888 distinguerentur
2392 2801 2459 2887 4).
2508 2803 2604 2867 De
2652 2805 2793 2869 aliis

538 2928 894 3015 municipiis
966 2950 1092 2994 non
1141 2928 1276 2993 dico
1303 2928 1354 3011 ³)
1373 2977 1391 3007 ,
1459 2928 1564 2993 sed
1606 2927 1879 2993 Malacae
1930 2928 2141 2993 saltem
2192 2935 2250 2993 et
2297 2929 2621 3015 Salpensae
2670 2931 2793 2995 dis-

535 3057 769 3123 crimen
818 3056 977 3121 illud
1025 3054 1362 3121 obtinuisse
1408 3077 1536 3119 non
1592 3061 1778 3141 puto,
1830 3076 1970 3119 cum
2020 3056 2361 3141 promiscue
2412 3058 2675 3122 Senatus
2724 3059 2791 3123 in

537 3182 775 3268 legibus
824 3183 1052 3247 nostris
1100 3187 1236 3246 tum
1285 3180 1727 3261 „decuriones”
1776 3188 1913 3245 tum
1963 3182 2361 3260 „decuriones
2419 3183 2792 3269 conscripti”

535 3308 774 3373 dicatur
800 3308 882 3393 6);
938 3308 1230 3372 Senatum
1281 3309 1454 3386 dico,
1513 3330 1655 3372 nam
1682 3356 1699 3386 ,
1755 3309 1906 3393 quin
1958 3309 2218 3395 singulis
2266 3310 2413 3375 locis
2462 3310 2541 3375 ad
2590 3318 2793 3377 totum

535 3437 829 3500 Senatum
880 3435 1268 3520 respiciatur,
1323 3434 1581 3499 dubium
1630 3457 1755 3499 non
1806 3436 2067 3500 videtur.

676 3790 710 3848 ¹)
779 3790 854 3838 De
887 3788 991 3853 ipsa
1026 3804 1142 3839 voce
1177 3788 1238 3839 cf.
1272 3788 1366 3853 leg.
1404 3789 1500 3839 239
1539 3789 1563 3849 ς
1600 3788 1627 3837 5
1670 3790 1729 3839 D.
1764 3790 1824 3838 dc
1868 3789 2163 3853 Verb.·Siqn.
2200 3790 2407 3851 (50.16).

673 3874 712 3935 2)
788 3873 882 3922 vid
935 3874 1052 3937 Cap.
1100 3875 1166 3932 V,
1204 3872 1300 3930 VJ,
1340 3872 1434 3921 vn
1471 3876 1561 3923 cet.
1596 3874 1710 3939 legis
1742 3875 1903 3924 ‚Iuliae
1936 3890 2064 3924 mun.
2102 3874 2231 3938 apud
2266 3886 2391 3923 zum.
2430 3874 2541 3923 Del.
2582 3876 2795 3940 Inscrip.

535 3974 617 4009 nc.
659 3958 806 4009 1682.

671 4043 714 4107 3)
781 4044 842 4093 In
879 4042 1061 4108 Opere:
1104 4042 1460 4094 Observationes
1493 4045 1562 4093 ad
1594 4046 1799 4095 Tabulae
1834 4045 2168 4095 Heracleensis
2181 4048 2367 4107 partem
2384 4044 2613 4103 alteram,
2634 4045 2791 4095 Bero-

533 4128 621 4179 lini
658 4126 807 4179 1827.
842 4144 891 4193 p.
933 4128 1012 4178 19.
1052 4127 1129 4177 cui
1164 4145 1317 4193 nuper
1351 4129 1611 4179 assentitur
1645 4142 1900 4179 sanamur
1935 4130 1985 4178 iu
2027 4129 2111 4191 Op.
2148 4130 2183 4179 l.
2218 4130 2263 4180 Ι.
2296 4144 2345 4193 p.
2384 4130 2499 4179 194.

670 4212 712 4276 4)
783 4212 858 4263 Cf.
892 4226 1088 4272 nanos,
1133 4213 1262 4262 Rom.
1299 4214 1665 4263 Althertkamer.
1707 4214 1788 4272 II,
1826 4230 1876 4279 p.
1912 4214 2033 4263 326.

670 4298 710 4360 ⁵)
779 4298 888 4349 vid.
922 4310 1465 4359 BECKER·MARQ‚UARDT
1501 4299 1550 4347 in
1594 4301 1663 4361 Op
1698 4300 1731 4351 l.
1768 4299 1815 4351 3.
1857 4299 1901 4348 1.
1939 4315 1987 4363 p.
2026 4299 2121 4347 365
2162 4302 2263 4349 not.
2301 4298 2455 4348 2358.

670 4382 710 4447 θ)
783 4384 888 4432 Hoc
919 4382 969 4431 in
1006 4383 1258 4449 Capitibus
1295 4384 1376 4433 24.
1415 4384 1497 4434 25.
1532 4384 1646 4447 leqis
1680 4384 1809 4445 Salp.
1846 4383 1897 4431 iu
1932 4384 2053 4447 Cap.
2090 4382 2169 4434 54.
2210 4382 2291 4432 62.
2318 4382 2397 4431 63.
2426 4382 2509 4431 64.
2532 4385 2638 4443 cet,
2666 4386 2789 4451 leyis

529 4468 682 4527 Mal.;
715 4469 844 4519 illud
873 4469 924 4517 in
961 4468 1062 4534 Cap
1100 4468 1182 4519 28.
1221 4468 1300 4519 29.
1343 4470 1458 4535 leqis
1491 4470 1619 4532 saep.
1657 4473 1706 4517 et
1742 4469 1857 4533 Cap.
1896 4469 1977 4519 61.
2013 4468 2130 4531 quis
2169 4467 2286 4517 Mal.
