3027 5263
1511 548 1637 610 118

438 743 816 832 potatoribus
865 744 1045 809 editis
1093 765 1248 829 quae
1296 741 1548 807 orbitati
1601 762 1865 828 poenam
1914 746 1975 805 et
2006 739 2320 812 πολυπατδίᾳ
2352 740 2701 828 praemium

440 873 804 939 statuebant.
919 872 1238 937 Eiusmodi
1320 870 1615 957 placitum
1679 868 1829 955 legis
1898 868 1938 933 J
1944 870 2105 934 uliae
2182 870 2259 934 de
2334 868 2703 933 maritandis

444 999 760 1065 ordinibus
825 1022 859 1063 a
931 999 1226 1082 GELL101)
1303 1002 1693 1062 memoratur.
1794 994 2059 1060 Cavetur
2125 1018 2195 1060 ea
2264 995 2434 1081 lege,
2504 994 2701 1061 fasces

451 1127 731 1191 sumendi
801 1132 1159 1213 potestatem
1231 1125 1320 1190 illi
1393 1148 1469 1189 ex
1537 1122 1891 1188 consulibus
1950 1129 2290 1208 competere
2336 1123 2445 1208 qui
2494 1122 2705 1209 plures

450 1255 672 1320 liberos
746 1254 963 1320 habeat
1036 1254 1399 1340 superstites
1473 1254 1569 1317 vel
1643 1252 1806 1318 bello
1856 1252 2162 1329 amiserit,
2231 1252 2282 1315 si
2340 1258 2543 1316 autem
2592 1274 2706 1337 par

457 1384 695 1468 utrique
745 1383 828 1447 sit
891 1404 1180 1448 numerus
1227 1381 1595 1460 liberorum,
1647 1380 1936 1445 maritum
1987 1402 2201 1444 eumve
2251 1380 2359 1465 qui
2405 1380 2475 1443 in
2520 1380 2704 1443 mari-

451 1520 652 1576 torum
705 1533 956 1576 numero
1005 1515 1163 1575 esset
1217 1509 1496 1597 praeferri
1522 1508 1597 1593 ²).
1674 1507 1989 1573 Praeterea
2036 1529 2325 1573 numerus
2370 1507 2705 1573 liberorum

458 1638 740 1723 proderat
809 1639 875 1702 in
949 1637 1286 1702 candidatis
1317 1637 1390 1721 ³).
1489 1635 1698 1700 Liberi
1746 1657 1990 1720 quoque
2037 1636 2104 1699 in
2154 1657 2401 1701 censum
2451 1635 2709 1700 veniunt

457 1788 648 1850 quum
699 1765 772 1829 de
822 1764 1120 1850 dignitate
1167 1764 1230 1829 in
1281 1770 1496 1827 senatu
1554 1763 1912 1848 municipali
1960 1764 2310 1848 quaeritur,
2377 1763 2489 1849 qui
2539 1764 2706 1828 enim

460 1892 679 1956 liberos
726 1913 852 1955 non
900 1890 1130 1954 habent
1178 1896 1631 1975 postponuntur
1681 1889 2044 1955 habentibus
2069 1891 2141 1975 4).

641 2018 720 2083 In
791 2017 1240 2102 computatione
1312 2016 1642 2081 liberorum
1713 2017 1812 2081 lex
1864 2017 2246 2082 Malacitana
2294 2017 2383 2081 ita
2432 2022 2707 2082 versatur

457 2150 574 2224 „ut
643 2144 777 2209 bini
850 2143 1026 2209 liberi
1099 2150 1236 2231 post
1307 2165 1531 2209 nomen
1580 2145 1943 2230 impositum
1992 2153 2100 2210 aut
2164 2145 2390 2231 singuli
2438 2144 2705 2231 puberes

461 2273 667 2337 amissi
740 2273 1207 2357 virivepotentes
1263 2272 1521 2335 amissae
1592 2294 1704 2357 pro
1779 2271 2044 2357 singulis
2118 2271 2448 2357 sospitibus
2498 2294 2709 2337 nume·

457 2400 727 2466 rentur.'’
777 2400 1078 2465 Convenit
1126 2402 1242 2465 hoc
1289 2400 1584 2485 placitum
1632 2423 1772 2464 cum
1824 2400 2037 2485 Capite
2084 2401 2235 2488 legis
2269 2401 2496 2486 Papiae
2538 2400 2708 2485 quod

459 2534 750 2593 memorat
819 2547 1122 2591 ULPIANUS
1141 2527 1232 2611 ³),
1284 2526 1391 2590 ubi
1464 2527 1786 2591 masculini
1854 2548 2035 2591 sexus
2103 2527 2334 2613 singuli
2402 2526 2707 2591 demortui

462 2663 599 2742 post
669 2660 754 2720 14
805 2678 1028 2734 annos,
1089 2655 1365 2718 feminini
1414 2677 1552 2719 vero
1600 2677 1777 2720 sexus
1824 2663 1963 2740 post
2016 2659 2098 2719 12
2151 2677 2375 2733 annos,
2435 2655 2533 2722 vel
2582 2655 2707 2720 duo

465 2793 659 2848 tresve
734 2789 870 2868 post
939 2805 1160 2847 nomen
1212 2783 1570 2868 impositum
1616 2784 1872 2848 amissae
1919 2806 2029 2870 pro
2080 2783 2337 2870 singulis
2383 2783 2709 2870 sospitibus

464 2911 821 2976 habeantur.

647 3041 704 3103 d.
779 3039 844 3104 Si
894 3062 1140 3126 prorsus
1187 3040 1460 3104 eiusdem
1510 3039 1891 3104 condicionis
1940 3038 2066 3104 sint
2100 3039 2447 3118 candidati,
2485 3045 2709 3105 sortem

464 3165 780 3231 decernere
830 3167 975 3230 dixi.
1035 3167 1198 3230 Puto
1229 3166 1452 3232 liberae
1483 3166 1851 3253 reipublicae
1882 3173 2155 3252 tempore
2194 3167 2423 3264 Romae
2456 3167 2524 3230 in
2558 3168 2710 3232 eius·

465 3293 631 3358 modi
679 3315 860 3357 causa
907 3294 1088 3358 etiam
1137 3294 1518 3359 sortitionem
1565 3295 1768 3360 locum
1802 3295 2109 3360 habuisse.
2164 3293 2304 3359 Alia
2330 3317 2472 3360 sane
2498 3317 2711 3360 norma

460 3444 585 3486 non
660 3421 930 3486 innotuit
1002 3443 1184 3506 quam
1262 3423 1653 3489 adhibuerint
1724 3424 2019 3504 Romani,
2084 3425 2135 3488 si
2183 3445 2437 3489 numero
2502 3425 2707 3490 suffra-

606 3775 641 3831 ι)
713 3773 848 3822 Noct.
881 3773 984 3822 Att.
1018 3772 1122 3822 Lib.
1161 3773 1217 3832 2,
1257 3773 1373 3837 Cap.
1412 3773 1500 3830 15,
1540 3787 1677 3822 pun.
1715 3773 1866 3836 Epist.
1903 3773 1961 3831 2,
2000 3773 2080 3820 13.

605 3857 644 3917 2)
712 3857 785 3904 De
831 3857 994 3920 poenis
1041 3857 1235 3906 orbitati
1286 3861 1336 3906 et
1370 3858 1593 3922 praemiis
1628 3857 1939 3930 πολυπαεὸίᾳ
1996 3855 2269 3905 constitutis
2293 3855 2399 3920 lege
2420 3857 2572 3922 Papia
2597 3857 2707 3908 vide

465 3964 526 4000 W.
577 3963 701 3998 unm
747 3948 797 3997 in
853 3950 1031 4014 Opere:
1090 3951 1192 4000 Das
1225 3952 1520 4001 Privatrecht
1573 3952 1674 4000 und
1716 3952 1803 4000 der
1843 3951 2151 4014 eivilprooess
2183 3951 2269 3999 der
2306 3952 2478 4002 R'o'mer
2514 3953 2710 4020 Leipzig

470 4037 616 4086 1858.
653 4052 700 4100 p.
737 4034 1024 4083 460—468.

602 4122 674 4170 Dc
708 4135 908 4169 numero
943 4120 1208 4171 liberorum
1243 4123 1451 4171 conferri
1485 4127 1695 4172 meretur
1728 4135 1875 4172 nunu
1909 4123 1960 4172 in
2000 4123 2088 4186 Op.
2122 4124 2155 4172 l.
2190 4138 2238 4188 p.
2276 4121 2493 4174 71-75.

608 4204 654 4268 ³)
719 4205 839 4253 Vide
874 4218 1038 4256 noir.
1072 4207 1248 4259 Annal.
1284 4207 1339 4265 2,
1382 4208 1462 4256 51.

601 4290 646 4352 4)
721 4289 837 4340 Vide
872 4290 963 4354 leg.
1002 4291 1030 4339 6
1069 4293 1090 4352 §
1128 4293 1177 4342 5.
1213 4293 1272 4343 D.
1307 4294 1368 4342 de
1401 4294 1565 4343 ἄεσαν.
1601 4297 1646 4342 et
1664 4294 1743 4355 fil.
1782 4294 1953 4356 (50.2).
1990 4293 2164 4359 cf.leg.
2186 4293 2215 4341 9
2237 4293 2357 4346 Cod.
2380 4295 2439 4343 de
2460 4294 2629 4346 ἄεσαν.
2656 4301 2707 4347 et

459 4379 528 4432 n‘l.
566 4377 780 4442 (10.31).

605 4461 644 4522 ⁵)
714 4461 808 4512 Tit.
850 4463 912 4511 16
949 4464 972 4522 §
1010 4464 1059 4513 1.
