3027 5263
1553 496 1686 558 216

678 715 737 754 a.
842 691 933 754 De
979 690 1061 753 iis
1089 689 1193 774 qui
1224 689 1285 752 in
1314 689 1524 768 patria
1551 695 1843 768 potestate
1872 695 2028 752 aurat.
2125 689 2235 752 Uti
2270 690 2512 775 vigebat
2546 694 2750 778 patria

499 822 766 904 potestas
814 815 974 902 apud
1033 813 1337 879 Romanos
1388 815 1474 878 ita
1521 837 1765 900 quoque
1815 815 1876 878 in
1923 814 2060 899 jure
2108 816 2338 880 Latino
2392 819 2746 886 institutum

495 944 651 1008 illud
686 916 1213 1027 deprehendimus

680 1071 905 1134 Nonne
954 1077 1155 1132 tamen
1208 1070 1323 1133 hoc
1371 1078 1606 1154 pugnat
1655 1092 1788 1134 eum
1833 1071 1965 1154 jure
2005 1077 2179 1150 not0,
2234 1095 2374 1137 cum
2408 1095 2543 1138 Gau
2575 1078 2744 1141 testi-

490 1199 697 1262 monio
746 1197 853 1281 qui
904 1198 1214 1282 perspicue
1265 1196 1477 1258 docuit
1529 1200 1786 1280 patriam
1839 1205 2200 1280 potestatem
2251 1223 2385 1263 esse
2421 1203 2564 1286 „jus
2600 1227 2744 1288 pro·

492 1326 694 1412 prium
745 1324 970 1387 civium
1020 1322 1471 1386 Romanorum'’
1515 1322 1600 1406 ¹)?

680 1451 985 1514 Videntur
1033 1471 1174 1512 sane
1222 1451 1370 1513 haec
1403 1450 1597 1534 primo
1632 1450 1921 1534 adspectu
1957 1473 2226 1536 pugnare
2259 1453 2421 1518 inter
2471 1479 2569 1534 se,
2627 1481 2736 1523 ne-

493 1601 611 1663 que
662 1580 842 1642 miror
907 1576 979 1640 cl.
1044 1595 1411 1640 LABOULAYE
1464 1577 1616 1640 hane
1682 1576 2100 1642 difficultatem
2151 1602 2418 1664 premere
2451 1583 2540 1666 2);
2594 1595 2746 1650 sunt

490 1713 692 1769 tamen
758 1705 865 1788 qui
939 1704 1282 1768 institutum
1356 1703 1511 1766 illud
1577 1703 1869 1768 deducere
1937 1717 2230 1770 conentur
2298 1731 2370 1772 ex
2428 1712 2565 1794 jure
2616 1737 2743 1798 quo

492 1809 705 1897 Latini
768 1831 1085 1896 coloniarii
1162 1831 1250 1893 usi
1300 1829 1557 1908 fuerint,
1613 1853 1852 1915 quoque
1901 1831 2062 1916 ipsos
2105 1833 2505 1918 Salpensanos
2554 1841 2744 1906 etiam

491 1959 727 2046 gavisos
791 1957 973 2021 fuisse
1022 1957 1260 2042 saepius
1302 1957 1426 2041 jam
1478 1958 1702 2020 monui.
1755 1959 1840 2021 Ut
1889 1968 2175 2044 appareat
2223 1984 2343 2045 quo
2386 1964 2552 2048 jure,
2592 1969 2744 2052 quid

488 2087 844 2152 Latinorum
917 2086 1381 2149 coloniariorum
1424 2087 1560 2170 jure
1610 2086 2030 2164 contineatur,
2083 2089 2290 2172 paucis
2341 2091 2402 2152 in
2469 2102 2735 2159 mentem

490 2236 767 2279 revocare
808 2213 1001 2298 juvat.

678 2339 997 2404 Habebant
1051 2339 1145 2403 illi
1203 2339 1628 2403 commercium
1686 2341 1857 2402 euius
1911 2363 2047 2424 pars
2093 2342 2356 2406 maxima
2398 2354 2525 2410 erat
2573 2372 2734 2414 man-

492 2470 747 2554 cipati0‚
802 2490 1057 2553 quaeum
1102 2467 1379 2532 cohaeret
1420 2468 1767 2531 testamenti
1811 2468 1990 2532 factio
2029 2492 2182 2552 quae
2227 2471 2450 2536 dieitur
2500 2477 2737 2559 passiva

489 2606 550 2662 et
598 2597 811 2661 activa.

674 2722 998 2787 Habebant
1071 2721 1446 2786 connubium
1518 2723 1570 2785 si
1643 2745 1996 2789 concessum
2061 2733 2253 2803 esset3
2329 2729 2494 2813 quod
2567 2732 2735 2796 siin

486 2851 871 2936 Salpensanis
921 2849 1280 2927 obtinuerit,
1334 2853 1528 2934 ipsam
1579 2851 1835 2936 patriam
1872 2859 2229 2935 potestatem
2263 2854 2322 2917 in
2359 2855 2492 2941 lege
2525 2868 2730 2925 nostra

492 2978 849 3063 explicatam
925 2999 1052 3041 esse
1128 2977 1365 3061 putavit
1414 2998 1691 3054 emaum
1743 2980 1826 3041 ita
1892 2980 2054 3043 enim
2107 2980 2375 3065 loquitur
2413 2984 2498 3068 ³):
2602 2988 2737 3064 „Le

482 3106 855 3171 connubium
906 3104 1133 3188 duquel
1186 3102 1462 3169 resultait
1511 3105 1570 3168 la
1617 3107 1816 3189 patria
1843 3116 2108 3191 potestas
2143 3108 2286 3172 chez
2320 3110 2406 3174 les
2439 3111 2734 3177 Romains

483 3257 518 3298 a
566 3256 649 3319 pu
702 3234 826 3296 etre
876 3229 1125 3295 accorde
1174 3254 1291 3295 aux
1340 3229 1557 3295 Latins
1608 3232 1680 3295 de
1731 3233 2017 3319 Salpensa
2067 3241 2128 3298 et
2162 3243 2317 3301 cette
2351 3237 2730 3307 observation

487 3362 653 3425 seule
719 3358 945 3445 repond
1006 3360 1042 3422 a
1100 3359 1293 3424 tout’'.
1393 3362 1606 3425 Minus
1657 3368 1969 3440 accurate,
2039 3362 2102 3425 ni
2150 3363 2359 3443 fallor,
2429 3366 2731 3451 disputat3

481 3513 622 3553 nam
685 3489 880 3575 patria
929 3493 1190 3573 potestas
1239 3511 1361 3552 non
1414 3490 1688 3574 sequitur
1737 3513 1808 3554 ex
1859 3491 2201 3571 connubi03
2271 3501 2508 3559 tantum
2561 3498 2730 3562 adest

474 3616 671 3703 patria
721 3624 987 3701 potestas
1038 3616 1144 3680 ubi
1187 3616 1381 3701 justae
1432 3623 1578 3681 sunt
1625 3619 1874 3703 nuptiae
1923 3626 2304 3698 contractae3
2353 3624 2725 3689 connubium

480 3751 684 3809 autem
735 3750 825 3808 est
872 3766 1045 3808 unum
1093 3767 1168 3808 ex
1213 3744 1290 3808 iis
1340 3767 1493 3829 quae
1527 3746 1916 3830 requiruntur
1948 3754 2018 3811 ut
2053 3749 2300 3833 nuptiae
2334 3750 2458 3814 sint
2485 3752 2720 3836 justae3

478 3877 783 3958 praeterea
831 3880 1035 3935 tamen
1083 3871 1203 3935 alia
1253 3872 1566 3957 complura
1617 3873 1842 3938 adsunt
1891 3876 2182 3959 requisita
2216 3898 2273 3940 v.
2311 3902 2370 3963 g.
2407 3879 2690 3963 pubertas
2705 3930 2722 3960 ,

624 4160 659 4222 ¹)
733 4158 849 4208 Vide
887 4160 1057 4209 ICtum
1094 4162 1218 4213 Inst.
1253 4160 1355 4212 Lib.
1397 4164 1419 4211 1
1463 4163 1587 4225 555.
1624 4165 1671 4212 et
1707 4163 1849 4225 §189
1889 4164 1936 4213 in
1973 4165 2065 4216 fine
2101 4167 2150 4215 et
2185 4164 2234 4214 iu
2272 4164 2376 4231 lege
2411 4167 2440 4216 3
2464 4167 2521 4217 D.
2565 4168 2624 4217 de
2656 4169 2730 4219 his

482 4244 566 4311 qui
600 4246 678 4295 sui
712 4249 799 4295 aut
832 4246 896 4295 al.
936 4246 1073 4308 (1.6.)

619 4329 659 4391 ²)
730 4329 884 4393 Quem
924 4330 1028 4380 vide
1064 4331 1113 4380 in
1150 4332 1334 4399 Opere:
1368 4334 1438 4383 les
1477 4333 1636 4383 Tables
1673 4351 1723 4399 p.
1762 4334 1824 4384 16
1865 4338 1912 4385 et
1951 4333 2031 4387 17.

621 4414 660 4482 ³)
732 4414 787 4464 Iu
830 4416 914 4480 Op.
948 4417 1079 4466 laud.
1116 4434 1162 4487 p.
1202 4418 1285 4469 35.
