3027 5263
1357 607 1442 668 63

457 804 552 868 De
623 802 883 867 Senatus
955 799 1250 878 lectione,
1334 821 1489 885 quae
1565 799 2024 886 magistratibus
2097 802 2477 888 competebat
2498 854 2516 884 ,

271 937 518 1018 postea,
589 929 700 996 ubi
763 951 976 995 eorum
1026 927 1435 994 ministerium
1485 951 1820 1014 exponam,
1879 929 2083 1015 aptius
2134 930 2233 1016 agi
2276 936 2479 1016 potest
2489 957 2509 1010 3

271 1061 390 1124 hoc
437 1059 568 1123 loco
617 1057 880 1124 sufficiat
930 1057 1235 1143 inquirere
1283 1058 1346 1121 in
1398 1079 1498 1122 eos
1539 1057 1745 1142 quiin
1778 1057 2068 1122 Senatum
2100 1057 2405 1144 leguntur.
2454 1058 2518 1124 Si

269 1187 736 1252 similitudinem
785 1187 1014 1251 Romae
1061 1186 1126 1250 in
1173 1189 1375 1271 partes
1423 1206 1635 1250 vocare
1665 1184 1879 1262 liceat,
1916 1191 2165 1270 apparet
2198 1183 2519 1250 arbitrium

269 1312 550 1379 lect-ionis
616 1312 910 1399 paulatim
975 1313 1309 1377 coercuisse
1356 1311 1553 1397 legem
1603 1311 1895 1376 Oviniam
1928 1312 1970 1396 ¹)
2024 1318 2085 1376 et
2131 1309 2520 1397 plebiscitum

267 1441 552 1506 Atinium
575 1441 669 1526 2);
718 1439 972 1526 posthac
1038 1439 1204 1503 enim
1269 1459 1478 1504 omnes
1545 1439 1652 1523 qui
1710 1438 2165 1524 magistratibus
2212 1439 2519 1504 curulibus

267 1557 468 1633 functi
545 1572 718 1630 erant
779 1587 906 1632 non
973 1571 1254 1645 tantum,
1321 1587 1531 1630 verum
1580 1566 1760 1630 ctiam
1809 1565 2203 1652 magistratus
2249 1566 2519 1654 plebejos

265 1700 411 1780 post
473 1699 712 1778 gestum
761 1693 1051 1756 honorem
1113 1692 1181 1755 in
1245 1691 1537 1756 Senatum
1602 1691 1790 1776 recipi
1845 1693 2000 1777 juris
2048 1697 2175 1758 erat
2201 1691 2273 1778 ²³).
2374 1691 2515 1776 Quo

265 1819 501 1886 factum
551 1824 679 1897 est,
728 1825 838 1897 ut,
899 1840 1150 1884 numero
1199 1817 1663 1904 magistratuum
1710 1819 2008 1904 paulatim
2058 1825 2275 1900 aucto,
2323 1821 2519 1906 priva·

265 1947 350 2010 tis
397 1968 524 2009 non
572 1943 833 2030 amplius
881 1950 1148 2031 potestas
1198 1945 1358 2010 facta
1406 1947 1486 2010 sit
1534 1951 1606 2010 ut
1654 1945 1909 2010 Senatui
1951 1946 2340 2028 interessent,
2394 1948 2516 2013 nisi

267 2071 495 2139 Censor
543 2093 865 2136 numerum
913 2072 1254 2158 legitimum
1304 2095 1586 2158 superare
1632 2072 1941 2138 voluisset.

455 2201 550 2264 Eo
598 2199 907 2278 nondum,
937 2207 1008 2265 ut
1031 2200 1276 2266 videtur
1295 2249 1314 2278 ,
1346 2201 1412 2265 in
1437 2199 1751 2286 republica
1776 2199 2145 2264 Malacitana
2180 2207 2241 2265 et
2270 2202 2516 2288 Salpen-

261 2351 412 2402 sana
445 2349 540 2392 res
585 2333 938 2412 pervenerat
954 2353 974 2406 3
1022 2350 1166 2393 nam
1214 2329 1358 2393 licet
1390 2327 1547 2392 nihil
1581 2327 1656 2392 de
1688 2328 1803 2391 hac
1835 2350 1897 2392 re
1932 2333 2214 2393 caveatur
2244 2329 2309 2392 in
2342 2328 2511 2416 lege,

266 2479 345 2521 ex
394 2455 612 2542 Capite
659 2461 865 2521 tamen
917 2458 1002 2521 25
1052 2457 1204 2542 legis
1249 2455 1648 2542 Salpensanae
1680 2455 1825 2520 satis
1860 2461 2087 2520 certum
2122 2454 2348 2520 factum
2384 2462 2508 2537 est3

262 2584 410 2651 inde
460 2584 621 2651 enim
665 2584 790 2669 jam
841 2583 1018 2649 nobis
1067 2584 1341 2650 innotuit
1389 2584 1496 2670 qui
1546 2583 1883 2671 praefectus
1921 2581 2106 2649 IIviri
2137 2583 2323 2650 fuerit
2368 2582 2515 2651 civi-

263 2718 459 2777 tatem
505 2734 630 2776 non
679 2712 990 2797 consequi.
1042 2712 1108 2776 Si
1159 2712 1549 2799 conferantur
1595 2712 1744 2778 haec
1792 2712 1944 2799 legis
1994 2710 2212 2777 verba:
2265 2712 2517 2793 „Quem

267 2838 643 2925 praefectum
694 2839 993 2924 municipi
1039 2862 1164 2903 non
1204 2840 1500 2904 minorem
1555 2862 1737 2926 quam
1788 2861 2085 2905 annorum
2150 2842 2235 2904 35
2288 2861 2361 2902 ex
2422 2840 2518 2903 de·

263 2968 603 3031 cuv-ionibus
651 2968 1106 3051 conscriptisque
1161 2967 1502 3052 relinquere
1560 2967 1721 3031 volet
1770 2969 1875 3051 (sc.
1911 2964 2096 3049 IIvir)
2120 3015 2139 3044 ,
2189 2966 2371 3031 facito
2404 2966 2514 3031 ut’'

263 3100 380 3158 cet.
401 3144 419 3174 ,
473 3100 719 3179 apparet
751 3117 877 3159 non
911 3117 1118 3159 omnes
1167 3095 1522 3159 decuriones
1556 3094 1797 3159 civitate
1830 3094 2105 3159 Romana
2138 3115 2277 3157 usos
2308 3093 2512 3158 fuisse.

263 3221 478 3302 Quum
527 3228 729 3287 autem
787 3246 861 3286 ex
908 3222 1038 3308 ipso
1088 3222 1202 3287 hoc
1250 3222 1466 3307 Capite
1516 3227 1753 3287 constet
1800 3220 2159 3307 magistratu
2208 3222 2511 3308 gerendO,

256 3348 522 3413 Latinos
589 3350 836 3415 civitate
905 3350 1144 3435 augeri,
1213 3372 1453 3416 necesse
1517 3356 1647 3427 est,
1712 3356 1783 3415 ut
1839 3350 2023 3416 etiam
2080 3350 2225 3430 alii,
2278 3358 2517 3435 praeter

257 3498 362 3540 eos
436 3476 543 3561 qui
618 3477 975 3561 magistratu
1045 3477 1244 3542 functi
1311 3483 1480 3542 erant
1499 3525 1515 3554 ,
1572 3477 1895 3563 participes
1951 3476 2210 3541 Senatus
2264 3476 2513 3540 fuerint.

257 3602 388 3667 Eos
430 3602 594 3666 enim
645 3602 752 3688 qui
802 3604 1091 3667 honorem
1124 3604 1446 3690 gessissent
1479 3604 1544 3669 in
1578 3604 1872 3681 Ordinem
1906 3602 2244 3688 adscriptos
2293 3602 2512 3679 fuisse,

257 3729 726 3796 similitudinem
815 3731 1045 3796 Romae
1128 3732 1322 3797 secuti
1342 3780 1362 3811 ‚
1452 3733 1635 3797 etiam
1716 3732 1783 3795 in
1864 3728 2211 3815 municipiis
2290 3730 2519 3795 nostris

397 4178 434 4240 ἲ)
507 4179 598 4227 vid
635 4194 838 4229 rns‘ruu
875 4182 932 4230 de
980 4183 1109 4233 Verb.
1145 4184 1271 4249 δέρη.
1306 4200 1353 4249 p.
1395 4185 1491 4233 246
1530 4186 1587 4233 ed
1624 4188 1847 4234 nummu.

395 4263 436 4322 2)
509 4262 600 4312 vid
636 4278 890 4325 carnum,
929 4268 1067 4318 Noct.
1103 4268 1202 4317 Aa.
1237 4268 1342 4319 Lib.
1383 4271 1462 4319 14.
1499 4268 1618 4334 Cap.
1658 4271 1705 4318 8.
1744 4270 1801 4318 cf.
1826 4280 2029 4319 mrum.
2054 4266 2159 4319 Lib.
2184 4268 2267 4319 23.
2292 4268 2410 4333 Cap.
2430 4268 2515 4319 23.

257 4348 468 4399 addatur
502 4362 678 4399 naxon
715 4351 763 4399 in
807 4350 892 4413 Op.
926 4354 959 4401 l.
997 4352 1066 4402 11.
1103 4370 1150 4417 p.
1194 4354 1304 4402 151.
1342 4357 1390 4403 et
1425 4355 1542 4403 316.

401 4432 444 4495 ³)
514 4433 592 4482 Ita
629 4438 788 4485 tamen
828 4436 945 4485 haec
980 4437 1316 4501 intelligantur
1355 4442 1410 4488 ut
1456 4439 1654 4489 Censori
1691 4438 1881 4488 licuerit
1915 4437 2174 4503 praeterire
2208 4437 2415 4501 aliquem
2451 4435 2521 4487 cf.

247 4530 456 4567 merum
493 4518 551 4567 de
595 4521 724 4569 Verb.
762 4520 890 4585 δέρη.
926 4537 974 4586 p.
1013 4522 1110 4572 246
1147 4523 1221 4573 ed.
1259 4528 1487 4583 minum,
1526 4527 1574 4575 et
1610 4538 1797 4574 mvnm
1834 4525 1915 4573 23.
1958 4522 2051 4581 23;
2078 4516 2163 4574 27.
2187 4523 2278 4580 11;
2312 4522 2402 4582 38,
2428 4522 2516 4572 28.
