<?xml version="1.0" encoding="UTF-8"?>
<!DOCTYPE html PUBLIC "-//W3C//DTD XHTML 1.0 Transitional//EN"
    "http://www.w3.org/TR/xhtml1/DTD/xhtml1-transitional.dtd">
<html xmlns="http://www.w3.org/1999/xhtml" xml:lang="en" lang="en">
 <head>
  <title>
</title>
<meta http-equiv="Content-Type" content="text/html;charset=utf-8" />
  <meta name='ocr-system' content='tesseract 3.04.00' />
  <meta name='ocr-capabilities' content='ocr_page ocr_carea ocr_par ocr_line ocrx_word'/>
</head>
<body>
  <div class='ocr_page' id='page_1' title='image "./disquisitiodeae00swingoog_0231.png"; bbox 0 0 3027 5263; ppageno 0'>
   <div class='ocr_carea' id='block_1_1' title="bbox 1356 550 1484 612">
    <p class='ocr_par' dir='ltr' id='par_1_1' title="bbox 1356 550 1484 612">
     <span class='ocr_line' id='line_1_1' title="bbox 1356 550 1484 612; baseline 0.008 -1"><span class='ocrx_word' id='word_1_1' title='bbox 1356 550 1484 612; x_wconf 82' lang='lat'><strong>215</strong></span> 
     </span>
    </p>
   </div>
   <div class='ocr_carea' id='block_1_2' title="bbox 286 742 2543 954">
    <p class='ocr_par' dir='ltr' id='par_1_2' title="bbox 286 742 2543 954">
     <span class='ocr_line' id='line_1_2' title="bbox 291 742 2542 830; baseline 0.004 -30"><span class='ocrx_word' id='word_1_2' title='bbox 291 743 563 804; x_wconf 87' lang='lat' dir='ltr'><strong>mutatus</strong></span> <span class='ocrx_word' id='word_1_3' title='bbox 634 746 867 805; x_wconf 84' lang='lat' dir='ltr'><strong>mutata</strong></span> <span class='ocrx_word' id='word_1_4' title='bbox 932 764 1055 806; x_wconf 90' lang='lat' dir='ltr'><strong>non</strong></span> <span class='ocrx_word' id='word_1_5' title='bbox 1104 748 1262 806; x_wconf 90' lang='lat' dir='ltr'><strong>esset</strong></span> <span class='ocrx_word' id='word_1_6' title='bbox 1294 743 1354 826; x_wconf 87' lang='lat'><strong>¹),</strong></span> <span class='ocrx_word' id='word_1_7' title='bbox 1408 748 1570 820; x_wconf 87' lang='lat' dir='ltr'><strong>esto,</strong></span> <span class='ocrx_word' id='word_1_8' title='bbox 1637 742 1822 829; x_wconf 90' lang='lat' dir='ltr'><strong>idque</strong></span> <span class='ocrx_word' id='word_1_9' title='bbox 1875 743 1972 828; x_wconf 86' lang='lat' dir='ltr'><strong>jus</strong></span> <span class='ocrx_word' id='word_1_10' title='bbox 2011 745 2230 809; x_wconf 86' lang='lat' dir='ltr'><strong>tutoris</strong></span> <span class='ocrx_word' id='word_1_11' title='bbox 2287 745 2542 830; x_wconf 85' lang='lat' dir='ltr'><strong>optandi</strong></span> 
     </span>
     <span class='ocr_line' id='line_1_3' title="bbox 286 865 2543 954; baseline 0.003 -26"><span class='ocrx_word' id='word_1_12' title='bbox 286 865 510 929; x_wconf 82' lang='lat' dir='ltr'><strong>habeto</strong></span> <span class='ocrx_word' id='word_1_13' title='bbox 528 915 546 944; x_wconf 89' lang='lat'><em>,</em></span> <span class='ocrx_word' id='word_1_14' title='bbox 599 868 764 951; x_wconf 91' lang='lat' dir='ltr'><strong>quod</strong></span> <span class='ocrx_word' id='word_1_15' title='bbox 815 868 1099 941; x_wconf 85' lang='lat' dir='ltr'><strong>haberet,</strong></span> <span class='ocrx_word' id='word_1_16' title='bbox 1151 870 1204 932; x_wconf 86' lang='lat' dir='ltr'><strong>si</strong></span> <span class='ocrx_word' id='word_1_17' title='bbox 1254 892 1287 932; x_wconf 84' lang='lat' dir='ltr'><strong>a</strong></span> <span class='ocrx_word' id='word_1_18' title='bbox 1330 870 1460 934; x_wconf 89' lang='lat' dir='ltr'><strong>cive</strong></span> <span class='ocrx_word' id='word_1_19' title='bbox 1495 870 1771 934; x_wconf 84' lang='lat' dir='ltr'><strong>Romano</strong></span> <span class='ocrx_word' id='word_1_20' title='bbox 1805 877 1971 933; x_wconf 87' lang='lat' dir='ltr'><strong>ortus</strong></span> <span class='ocrx_word' id='word_1_21' title='bbox 2008 877 2135 934; x_wconf 88' lang='lat' dir='ltr'><strong>orta</strong></span> <span class='ocrx_word' id='word_1_22' title='bbox 2170 893 2367 954; x_wconf 90' lang='lat' dir='ltr'><strong>neque</strong></span> <span class='ocrx_word' id='word_1_23' title='bbox 2402 870 2543 934; x_wconf 85' lang='lat' dir='ltr'><strong>civi-</strong></span> 
     </span>
    </p>
   </div>
   <div class='ocr_carea' id='block_1_3' title="bbox 284 993 2540 2099">
    <p class='ocr_par' dir='ltr' id='par_1_3' title="bbox 289 993 1283 1058">
     <span class='ocr_line' id='line_1_4' title="bbox 289 993 1283 1058; baseline 0.004 -4"><span class='ocrx_word' id='word_1_24' title='bbox 289 999 415 1055; x_wconf 82' lang='lat' dir='ltr'><strong>tate</strong></span> <span class='ocrx_word' id='word_1_25' title='bbox 468 1000 733 1058; x_wconf 88' lang='lat' dir='ltr'><strong>mutatus</strong></span> <span class='ocrx_word' id='word_1_26' title='bbox 785 1000 1016 1058; x_wconf 85' lang='lat' dir='ltr'><strong>mutata</strong></span> <span class='ocrx_word' id='word_1_27' title='bbox 1064 993 1283 1058; x_wconf 88' lang='lat' dir='ltr'><strong>esset.”</strong></span> 
     </span>
    </p>

    <p class='ocr_par' dir='ltr' id='par_1_4' title="bbox 284 1121 2540 1970">
     <span class='ocr_line' id='line_1_5' title="bbox 482 1121 2540 1210; baseline 0.002 -26"><span class='ocrx_word' id='word_1_28' title='bbox 482 1121 722 1185; x_wconf 87' lang='lat' dir='ltr'><strong>Diserte</strong></span> <span class='ocrx_word' id='word_1_29' title='bbox 784 1145 859 1186; x_wconf 88' lang='lat' dir='ltr'><strong>ex</strong></span> <span class='ocrx_word' id='word_1_30' title='bbox 924 1123 1037 1186; x_wconf 87' lang='lat' dir='ltr'><strong>hoc</strong></span> <span class='ocrx_word' id='word_1_31' title='bbox 1087 1122 1299 1207; x_wconf 89' lang='lat' dir='ltr'><strong>Capite</strong></span> <span class='ocrx_word' id='word_1_32' title='bbox 1332 1123 1381 1205; x_wconf 85' lang='lat'><strong>²)</strong></span> <span class='ocrx_word' id='word_1_33' title='bbox 1453 1128 1702 1208; x_wconf 86' lang='lat' dir='ltr'><strong>apparet</strong></span> <span class='ocrx_word' id='word_1_34' title='bbox 1767 1122 2051 1186; x_wconf 84' lang='lat' dir='ltr'><strong>instit-uta</strong></span> <span class='ocrx_word' id='word_1_35' title='bbox 2099 1124 2327 1209; x_wconf 86' lang='lat' dir='ltr'><strong>patriae</strong></span> <span class='ocrx_word' id='word_1_36' title='bbox 2374 1131 2540 1210; x_wconf 82' lang='lat' dir='ltr'><strong>pote-</strong></span> 
     </span>
     <span class='ocr_line' id='line_1_6' title="bbox 290 1251 2536 1339; baseline 0.001 -25"><span class='ocrx_word' id='word_1_37' title='bbox 290 1252 463 1314; x_wconf 80' lang='lat' dir='ltr'>statis</span> <span class='ocrx_word' id='word_1_38' title='bbox 495 1251 577 1334; x_wconf 72' lang='lat'><strong>³),</strong></span> <span class='ocrx_word' id='word_1_39' title='bbox 634 1275 848 1315; x_wconf 89' lang='lat' dir='ltr'><strong>manus</strong></span> <span class='ocrx_word' id='word_1_40' title='bbox 898 1258 957 1316; x_wconf 91' lang='lat' dir='ltr'><strong>et</strong></span> <span class='ocrx_word' id='word_1_41' title='bbox 1008 1252 1293 1337; x_wconf 84' lang='lat' dir='ltr'><strong>mancipii</strong></span> <span class='ocrx_word' id='word_1_42' title='bbox 1345 1252 1670 1336; x_wconf 81' lang='lat' dir='ltr'><strong>Salpensae</strong></span> <span class='ocrx_word' id='word_1_43' title='bbox 1715 1253 2004 1337; x_wconf 88' lang='lat' dir='ltr'><strong>viguisse,</strong></span> <span class='ocrx_word' id='word_1_44' title='bbox 2056 1276 2191 1318; x_wconf 86' lang='lat' dir='ltr'><strong>oum</strong></span> <span class='ocrx_word' id='word_1_45' title='bbox 2242 1254 2536 1339; x_wconf 86' lang='lat' dir='ltr'><strong>placitum</strong></span> 
     </span>
     <span class='ocr_line' id='line_1_7' title="bbox 284 1377 2538 1464; baseline 0 -22"><span class='ocrx_word' id='word_1_46' title='bbox 284 1377 443 1442; x_wconf 88' lang='lat' dir='ltr'><strong>illud</strong></span> <span class='ocrx_word' id='word_1_47' title='bbox 492 1379 741 1442; x_wconf 89' lang='lat' dir='ltr'><strong>omnino</strong></span> <span class='ocrx_word' id='word_1_48' title='bbox 782 1378 991 1463; x_wconf 85' lang='lat' dir='ltr'><strong>jubeat</strong></span> <span class='ocrx_word' id='word_1_49' title='bbox 1045 1402 1145 1443; x_wconf 88' lang='lat' dir='ltr'><strong>eos</strong></span> <span class='ocrx_word' id='word_1_50' title='bbox 1180 1380 1318 1464; x_wconf 90' lang='lat' dir='ltr'><strong>qui,</strong></span> <span class='ocrx_word' id='word_1_51' title='bbox 1356 1379 1661 1442; x_wconf 86' lang='lat' dir='ltr'><strong>civitatem</strong></span> <span class='ocrx_word' id='word_1_52' title='bbox 1705 1379 2034 1443; x_wconf 84' lang='lat' dir='ltr'>Romanam</span> <span class='ocrx_word' id='word_1_53' title='bbox 2073 1380 2379 1444; x_wconf 78' lang='lat' dir='ltr'><strong>consecuti</strong></span> <span class='ocrx_word' id='word_1_54' title='bbox 2415 1381 2538 1443; x_wconf 89' lang='lat' dir='ltr'><strong>sint</strong></span> 
     </span>
     <span class='ocr_line' id='line_1_8' title="bbox 287 1505 2534 1591; baseline 0 -24"><span class='ocrx_word' id='word_1_55' title='bbox 287 1528 520 1568; x_wconf 81' lang='lat' dir='ltr'><strong>manere</strong></span> <span class='ocrx_word' id='word_1_56' title='bbox 545 1506 593 1589; x_wconf 77' lang='lat'><strong>4)</strong></span> <span class='ocrx_word' id='word_1_57' title='bbox 642 1506 706 1569; x_wconf 91' lang='lat' dir='ltr'><strong>in</strong></span> <span class='ocrx_word' id='word_1_58' title='bbox 757 1513 1049 1591; x_wconf 81' lang='lat' dir='ltr'><strong>potestate</strong></span> <span class='ocrx_word' id='word_1_59' title='bbox 1099 1513 1209 1569; x_wconf 88' lang='lat' dir='ltr'><strong>eto.</strong></span> <span class='ocrx_word' id='word_1_60' title='bbox 1264 1529 1468 1570; x_wconf 90' lang='lat' dir='ltr'><strong>eorum</strong></span> <span class='ocrx_word' id='word_1_61' title='bbox 1521 1507 1662 1590; x_wconf 87' lang='lat' dir='ltr'><strong>qui,</strong></span> <span class='ocrx_word' id='word_1_62' title='bbox 1701 1528 1839 1569; x_wconf 87' lang='lat' dir='ltr'><strong>oum</strong></span> <span class='ocrx_word' id='word_1_63' title='bbox 1865 1505 2065 1569; x_wconf 88' lang='lat' dir='ltr'><strong>Latini</strong></span> <span class='ocrx_word' id='word_1_64' title='bbox 2099 1506 2418 1569; x_wconf 80' lang='lat' dir='ltr'><strong>etiamtum</strong></span> <span class='ocrx_word' id='word_1_65' title='bbox 2446 1528 2534 1568; x_wconf 88' lang='lat' dir='ltr'><strong>es-</strong></span> 
     </span>
     <span class='ocr_line' id='line_1_9' title="bbox 290 1631 2540 1717; baseline 0 -22"><span class='ocrx_word' id='word_1_66' title='bbox 290 1640 459 1712; x_wconf 83' lang='lat' dir='ltr'><strong>sent,</strong></span> <span class='ocrx_word' id='word_1_67' title='bbox 506 1632 744 1717; x_wconf 85' lang='lat' dir='ltr'><strong>juribus</strong></span> <span class='ocrx_word' id='word_1_68' title='bbox 795 1631 919 1696; x_wconf 87' lang='lat' dir='ltr'><strong>illis</strong></span> <span class='ocrx_word' id='word_1_69' title='bbox 980 1641 1307 1697; x_wconf 86' lang='lat' dir='ltr'><strong>uterentur.</strong></span> <span class='ocrx_word' id='word_1_70' title='bbox 1407 1632 1713 1696; x_wconf 83' lang='lat' dir='ltr'>Placitum</span> <span class='ocrx_word' id='word_1_71' title='bbox 1759 1632 1991 1717; x_wconf 83' lang='lat' dir='ltr'>Capitis</span> <span class='ocrx_word' id='word_1_72' title='bbox 2029 1637 2111 1696; x_wconf 78' lang='lat'><strong>22</strong></span> <span class='ocrx_word' id='word_1_73' title='bbox 2167 1640 2294 1696; x_wconf 87' lang='lat' dir='ltr'><strong>erat</strong></span> <span class='ocrx_word' id='word_1_74' title='bbox 2343 1655 2540 1696; x_wconf 87' lang='lat' dir='ltr'><strong>neces·</strong></span> 
     </span>
     <span class='ocr_line' id='line_1_10' title="bbox 292 1760 2530 1846; baseline 0 -23"><span class='ocrx_word' id='word_1_75' title='bbox 292 1761 565 1837; x_wconf 86' lang='lat' dir='ltr'><strong>sarium,</strong></span> <span class='ocrx_word' id='word_1_76' title='bbox 641 1761 785 1844; x_wconf 87' lang='lat' dir='ltr'><strong>quia</strong></span> <span class='ocrx_word' id='word_1_77' title='bbox 851 1762 1237 1846; x_wconf 82' lang='lat' dir='ltr'><strong>caeteroquin</strong></span> <span class='ocrx_word' id='word_1_78' title='bbox 1312 1761 1367 1823; x_wconf 90' lang='lat' dir='ltr'><strong>ei</strong></span> <span class='ocrx_word' id='word_1_79' title='bbox 1435 1760 1534 1824; x_wconf 87' lang='lat' dir='ltr'><strong>oui</strong></span> <span class='ocrx_word' id='word_1_80' title='bbox 1601 1765 1793 1823; x_wconf 88' lang='lat' dir='ltr'><strong>status</strong></span> <span class='ocrx_word' id='word_1_81' title='bbox 1857 1760 1945 1823; x_wconf 91' lang='lat' dir='ltr'><strong>ita</strong></span> <span class='ocrx_word' id='word_1_82' title='bbox 1996 1766 2329 1824; x_wconf 82' lang='lat' dir='ltr'><strong>mutaretur</strong></span> <span class='ocrx_word' id='word_1_83' title='bbox 2377 1767 2530 1824; x_wconf 90' lang='lat' dir='ltr'><strong>uta</strong></span> 
     </span>
     <span class='ocr_line' id='line_1_11' title="bbox 289 1885 2386 1970; baseline 0 -21"><span class='ocrx_word' id='word_1_84' title='bbox 289 1887 514 1951; x_wconf 86' lang='lat' dir='ltr'><strong>Latino</strong></span> <span class='ocrx_word' id='word_1_85' title='bbox 564 1888 712 1951; x_wconf 86' lang='lat' dir='ltr'><strong>civis</strong></span> <span class='ocrx_word' id='word_1_86' title='bbox 760 1889 1067 1951; x_wconf 83' lang='lat' dir='ltr'><strong>Romanus</strong></span> <span class='ocrx_word' id='word_1_87' title='bbox 1115 1889 1328 1965; x_wconf 86' lang='lat' dir='ltr'><strong>fieret,</strong></span> <span class='ocrx_word' id='word_1_88' title='bbox 1378 1887 1516 1970; x_wconf 86' lang='lat' dir='ltr'><strong>jura</strong></span> <span class='ocrx_word' id='word_1_89' title='bbox 1566 1885 1669 1949; x_wconf 82' lang='lat' dir='ltr'><strong>illa</strong></span> <span class='ocrx_word' id='word_1_90' title='bbox 1719 1886 1884 1949; x_wconf 84' lang='lat' dir='ltr'><strong>salva</strong></span> <span class='ocrx_word' id='word_1_91' title='bbox 1935 1909 2054 1950; x_wconf 86' lang='lat' dir='ltr'><strong>non</strong></span> <span class='ocrx_word' id='word_1_92' title='bbox 2106 1886 2386 1950; x_wconf 89' lang='lat' dir='ltr'><strong>fuissent.</strong></span> 
     </span>
    </p>

    <p class='ocr_par' dir='ltr' id='par_1_5' title="bbox 480 2013 2536 2099">
     <span class='ocr_line' id='line_1_12' title="bbox 480 2013 2536 2099; baseline 0 -22"><span class='ocrx_word' id='word_1_93' title='bbox 480 2015 695 2098; x_wconf 88' lang='lat' dir='ltr'><strong>Itaque</strong></span> <span class='ocrx_word' id='word_1_94' title='bbox 759 2015 971 2078; x_wconf 83' lang='lat' dir='ltr'><strong>Latini</strong></span> <span class='ocrx_word' id='word_1_95' title='bbox 1029 2015 1384 2099; x_wconf 86' lang='lat' dir='ltr'><strong>Salpensani</strong></span> <span class='ocrx_word' id='word_1_96' title='bbox 1437 2014 1548 2098; x_wconf 89' lang='lat' dir='ltr'><strong>qui</strong></span> <span class='ocrx_word' id='word_1_97' title='bbox 1613 2013 1796 2077; x_wconf 87' lang='lat' dir='ltr'><strong>alieni</strong></span> <span class='ocrx_word' id='word_1_98' title='bbox 1854 2013 2009 2096; x_wconf 87' lang='lat' dir='ltr'><strong>juris</strong></span> <span class='ocrx_word' id='word_1_99' title='bbox 2061 2022 2204 2077; x_wconf 87' lang='lat' dir='ltr'><strong>sunt</strong></span> <span class='ocrx_word' id='word_1_100' title='bbox 2253 2014 2340 2077; x_wconf 87' lang='lat' dir='ltr'><strong>vel</strong></span> <span class='ocrx_word' id='word_1_101' title='bbox 2392 2019 2536 2077; x_wconf 87' lang='lat' dir='ltr'><strong>sunt</strong></span> 
     </span>
    </p>
   </div>
   <div class='ocr_carea' id='block_1_4' title="bbox 286 2140 2065 2227">
    <p class='ocr_par' dir='ltr' id='par_1_6' title="bbox 286 2140 2065 2227">
     <span class='ocr_line' id='line_1_13' title="bbox 286 2140 2065 2227; baseline 0.001 -24"><span class='ocrx_word' id='word_1_102' title='bbox 286 2140 350 2204; x_wconf 88' lang='lat' dir='ltr'><strong>in</strong></span> <span class='ocrx_word' id='word_1_103' title='bbox 403 2143 593 2226; x_wconf 85' lang='lat' dir='ltr'><strong>patria</strong></span> <span class='ocrx_word' id='word_1_104' title='bbox 645 2147 940 2227; x_wconf 82' lang='lat' dir='ltr'><strong>potestate</strong></span> <span class='ocrx_word' id='word_1_105' title='bbox 991 2142 1083 2206; x_wconf 90' lang='lat' dir='ltr'><strong>vel</strong></span> <span class='ocrx_word' id='word_1_106' title='bbox 1132 2143 1193 2207; x_wconf 90' lang='lat' dir='ltr'><strong>in</strong></span> <span class='ocrx_word' id='word_1_107' title='bbox 1247 2163 1426 2204; x_wconf 90' lang='lat' dir='ltr'><strong>manu</strong></span> <span class='ocrx_word' id='word_1_108' title='bbox 1481 2141 1571 2206; x_wconf 88' lang='lat' dir='ltr'><strong>vel</strong></span> <span class='ocrx_word' id='word_1_109' title='bbox 1623 2141 1682 2202; x_wconf 91' lang='lat' dir='ltr'><strong>in</strong></span> <span class='ocrx_word' id='word_1_110' title='bbox 1738 2140 2065 2227; x_wconf 82' lang='lat' dir='ltr'><strong>mancipiO.</strong></span> 
     </span>
    </p>
   </div>
   <div class='ocr_carea' id='block_1_5' title="bbox 284 2596 2541 4364">
    <p class='ocr_par' dir='ltr' id='par_1_7' title="bbox 289 2596 2541 2916">
     <span class='ocr_line' id='line_1_14' title="bbox 291 2596 2541 2665; baseline 0.002 -18"><span class='ocrx_word' id='word_1_111' title='bbox 291 2598 518 2664; x_wconf 84' lang='lat' dir='ltr'><strong>puisqu’il</strong></span> <span class='ocrx_word' id='word_1_112' title='bbox 555 2601 625 2646; x_wconf 84' lang='lat' dir='ltr'><strong>est</strong></span> <span class='ocrx_word' id='word_1_113' title='bbox 663 2597 855 2647; x_wconf 85' lang='lat' dir='ltr'><strong>evident</strong></span> <span class='ocrx_word' id='word_1_114' title='bbox 892 2596 1031 2662; x_wconf 78' lang='lat' dir='ltr'><strong>qu’ils</strong></span> <span class='ocrx_word' id='word_1_115' title='bbox 1066 2613 1096 2662; x_wconf 86' lang='lat' dir='ltr'><strong>y</strong></span> <span class='ocrx_word' id='word_1_116' title='bbox 1135 2601 1340 2656; x_wconf 84' lang='lat' dir='ltr'><strong>restent;</strong></span> <span class='ocrx_word' id='word_1_117' title='bbox 1380 2598 1503 2660; x_wconf 84' lang='lat' dir='ltr'><strong>(vide</strong></span> <span class='ocrx_word' id='word_1_118' title='bbox 1543 2598 1602 2649; x_wconf 85' lang='lat' dir='ltr'><strong>ad</strong></span> <span class='ocrx_word' id='word_1_119' title='bbox 1640 2598 1756 2649; x_wconf 86' lang='lat' dir='ltr'><strong>haec</strong></span> <span class='ocrx_word' id='word_1_120' title='bbox 1794 2600 1936 2649; x_wconf 85' lang='lat' dir='ltr'><strong>verba</strong></span> <span class='ocrx_word' id='word_1_121' title='bbox 1974 2600 2103 2650; x_wconf 68' lang='lat' dir='ltr'><strong>Dies.</strong></span> <span class='ocrx_word' id='word_1_122' title='bbox 2144 2616 2190 2665; x_wconf 87' lang='lat' dir='ltr'><strong>p.</strong></span> <span class='ocrx_word' id='word_1_123' title='bbox 2229 2600 2323 2649; x_wconf 81' lang='lat'><strong>215</strong></span> <span class='ocrx_word' id='word_1_124' title='bbox 2350 2605 2449 2652; x_wconf 87' lang='lat' dir='ltr'><strong>not.</strong></span> <span class='ocrx_word' id='word_1_125' title='bbox 2476 2601 2541 2665; x_wconf 86' lang='lat' dir='ltr'><strong>l).</strong></span> 
     </span>
     <span class='ocr_line' id='line_1_15' title="bbox 290 2683 2534 2746; baseline 0.002 -14"><span class='ocrx_word' id='word_1_126' title='bbox 290 2684 420 2733; x_wconf 85' lang='lat' dir='ltr'><strong>C&#39;est</strong></span> <span class='ocrx_word' id='word_1_127' title='bbox 455 2700 507 2732; x_wconf 84' lang='lat' dir='ltr'><strong>oe</strong></span> <span class='ocrx_word' id='word_1_128' title='bbox 542 2684 621 2746; x_wconf 88' lang='lat' dir='ltr'><strong>qui</strong></span> <span class='ocrx_word' id='word_1_129' title='bbox 658 2683 703 2731; x_wconf 82' lang='lat' dir='ltr'><strong>le</strong></span> <span class='ocrx_word' id='word_1_130' title='bbox 737 2684 864 2731; x_wconf 84' lang='lat' dir='ltr'><strong>force</strong></span> <span class='ocrx_word' id='word_1_131' title='bbox 900 2683 929 2731; x_wconf 69' lang='lat' dir='ltr'><strong>a.</strong></span> <span class='ocrx_word' id='word_1_132' title='bbox 965 2683 1080 2731; x_wconf 81' lang='lat' dir='ltr'><strong>faire</strong></span> <span class='ocrx_word' id='word_1_133' title='bbox 1118 2698 1208 2731; x_wconf 84' lang='lat' dir='ltr'><strong>une</strong></span> <span class='ocrx_word' id='word_1_134' title='bbox 1246 2684 1451 2732; x_wconf 82' lang='lat' dir='ltr'><strong>civitatis</strong></span> <span class='ocrx_word' id='word_1_135' title='bbox 1490 2684 1696 2732; x_wconf 83' lang='lat' dir='ltr'><strong>mutatio</strong></span> <span class='ocrx_word' id='word_1_136' title='bbox 1733 2685 1791 2732; x_wconf 87' lang='lat' dir='ltr'><strong>de</strong></span> <span class='ocrx_word' id='word_1_137' title='bbox 1827 2685 1930 2733; x_wconf 91' lang='lat' dir='ltr'><strong>leur</strong></span> <span class='ocrx_word' id='word_1_138' title='bbox 1966 2685 2127 2735; x_wconf 73' lang='lat' dir='ltr'><strong>entre&#39;e</strong></span> <span class='ocrx_word' id='word_1_139' title='bbox 2150 2686 2266 2734; x_wconf 79' lang='lat' dir='ltr'><strong>dans</strong></span> <span class='ocrx_word' id='word_1_140' title='bbox 2292 2686 2338 2734; x_wconf 89' lang='lat' dir='ltr'><strong>la</strong></span> <span class='ocrx_word' id='word_1_141' title='bbox 2365 2687 2534 2736; x_wconf 80' lang='lat' dir='ltr'><strong>civitas</strong></span> 
     </span>
     <span class='ocr_line' id='line_1_16' title="bbox 292 2766 2537 2835; baseline 0.001 -17"><span class='ocrx_word' id='word_1_142' title='bbox 292 2768 562 2818; x_wconf 82' lang='lat' dir='ltr'><strong>Romana.’&#39;</strong></span> <span class='ocrx_word' id='word_1_143' title='bbox 620 2769 749 2816; x_wconf 87' lang='lat' dir='ltr'><strong>Haec</strong></span> <span class='ocrx_word' id='word_1_144' title='bbox 785 2767 1063 2824; x_wconf 79' lang='lat' dir='ltr'><strong>difficultas,</strong></span> <span class='ocrx_word' id='word_1_145' title='bbox 1106 2766 1175 2816; x_wconf 90' lang='lat' dir='ltr'><strong>uti</strong></span> <span class='ocrx_word' id='word_1_146' title='bbox 1214 2783 1289 2815; x_wconf 85' lang='lat' dir='ltr'><strong>res</strong></span> <span class='ocrx_word' id='word_1_147' title='bbox 1324 2768 1428 2831; x_wconf 82' lang='lat' dir='ltr'><strong>ipsa</strong></span> <span class='ocrx_word' id='word_1_148' title='bbox 1464 2768 1634 2825; x_wconf 89' lang='lat' dir='ltr'><strong>docet,</strong></span> <span class='ocrx_word' id='word_1_149' title='bbox 1676 2768 1863 2817; x_wconf 82' lang='lat' dir='ltr'><strong>tollitur</strong></span> <span class='ocrx_word' id='word_1_150' title='bbox 1901 2769 2138 2819; x_wconf 82' lang='lat' dir='ltr'><strong>sententia</strong></span> <span class='ocrx_word' id='word_1_151' title='bbox 2174 2785 2276 2819; x_wconf 86' lang='lat' dir='ltr'><strong>mea</strong></span> <span class='ocrx_word' id='word_1_152' title='bbox 2315 2775 2537 2835; x_wconf 87' lang='lat' dir='ltr'><strong>accepta;</strong></span> 
     </span>
     <span class='ocr_line' id='line_1_17' title="bbox 289 2851 1843 2916; baseline -0.001 -13"><span class='ocrx_word' id='word_1_153' title='bbox 289 2854 469 2903; x_wconf 82' lang='lat' dir='ltr'><strong>etenim</strong></span> <span class='ocrx_word' id='word_1_154' title='bbox 507 2857 609 2901; x_wconf 88' lang='lat' dir='ltr'><strong>tum</strong></span> <span class='ocrx_word' id='word_1_155' title='bbox 644 2852 727 2900; x_wconf 80' lang='lat' dir='ltr'><strong>illa</strong></span> <span class='ocrx_word' id='word_1_156' title='bbox 764 2851 956 2901; x_wconf 80' lang='lat' dir='ltr'><strong>civitate</strong></span> <span class='ocrx_word' id='word_1_157' title='bbox 994 2856 1209 2901; x_wconf 86' lang='lat' dir='ltr'><strong>mutatur</strong></span> <span class='ocrx_word' id='word_1_158' title='bbox 1247 2852 1350 2915; x_wconf 83' lang='lat' dir='ltr'><strong>quis</strong></span> <span class='ocrx_word' id='word_1_159' title='bbox 1388 2868 1530 2916; x_wconf 89' lang='lat' dir='ltr'><strong>quam</strong></span> <span class='ocrx_word' id='word_1_160' title='bbox 1566 2853 1843 2916; x_wconf 63' lang='lat' dir='ltr'><strong>relinquit..</strong></span> 
     </span>
    </p>

    <p class='ocr_par' dir='ltr' id='par_1_8' title="bbox 284 2936 2541 3425">
     <span class='ocr_line' id='line_1_18' title="bbox 429 2936 2540 3001; baseline 0.001 -15"><span class='ocrx_word' id='word_1_161' title='bbox 429 2939 679 2987; x_wconf 87' lang='lat' dir='ltr'><strong>Caeterum</strong></span> <span class='ocrx_word' id='word_1_162' title='bbox 718 2939 877 2984; x_wconf 90' lang='lat' dir='ltr'><strong>utrum</strong></span> <span class='ocrx_word' id='word_1_163' title='bbox 916 2938 1175 2985; x_wconf 82' lang='lat' dir='ltr'><strong>retineatur</strong></span> <span class='ocrx_word' id='word_1_164' title='bbox 1210 2951 1303 2984; x_wconf 87' lang='lat' dir='ltr'><strong>vox</strong></span> <span class='ocrx_word' id='word_1_165' title='bbox 1342 2936 1624 2993; x_wconf 82' lang='lat' dir='ltr'><strong>„Romana”</strong></span> <span class='ocrx_word' id='word_1_166' title='bbox 1661 2953 1808 2985; x_wconf 86' lang='lat' dir='ltr'><strong>neone</strong></span> <span class='ocrx_word' id='word_1_167' title='bbox 1832 2974 1844 2995; x_wconf 89' lang='lat'>‚</span> <span class='ocrx_word' id='word_1_168' title='bbox 1883 2936 2003 2985; x_wconf 87' lang='lat' dir='ltr'><strong>nibil</strong></span> <span class='ocrx_word' id='word_1_169' title='bbox 2042 2938 2298 3001; x_wconf 85' lang='lat' dir='ltr'><strong>quidquam</strong></span> <span class='ocrx_word' id='word_1_170' title='bbox 2337 2938 2540 2988; x_wconf 81' lang='lat' dir='ltr'><strong>interest</strong></span> 
     </span>
     <span class='ocr_line' id='line_1_19' title="bbox 284 3021 2537 3086; baseline -0 -13"><span class='ocrx_word' id='word_1_171' title='bbox 284 3026 348 3075; x_wconf 86' lang='lat' dir='ltr'><strong>ad</strong></span> <span class='ocrx_word' id='word_1_172' title='bbox 384 3023 666 3072; x_wconf 85' lang='lat' dir='ltr'><strong>sententiam</strong></span> <span class='ocrx_word' id='word_1_173' title='bbox 704 3038 796 3085; x_wconf 82' lang='lat' dir='ltr'><strong>qua</strong></span> <span class='ocrx_word' id='word_1_174' title='bbox 832 3022 1061 3085; x_wconf 84' lang='lat' dir='ltr'><strong>placitum</strong></span> <span class='ocrx_word' id='word_1_175' title='bbox 1098 3021 1278 3085; x_wconf 84' lang='lat' dir='ltr'><strong>Capitis</strong></span> <span class='ocrx_word' id='word_1_176' title='bbox 1317 3022 1379 3069; x_wconf 78' lang='lat'><strong>22</strong></span> <span class='ocrx_word' id='word_1_177' title='bbox 1417 3022 1746 3085; x_wconf 83' lang='lat' dir='ltr'><strong>accipiendum</strong></span> <span class='ocrx_word' id='word_1_178' title='bbox 1781 3022 1843 3070; x_wconf 78' lang='lat' dir='ltr'><strong>sit</strong></span> <span class='ocrx_word' id='word_1_179' title='bbox 1863 3022 2278 3078; x_wconf 79' lang='lat' dir='ltr'><strong>constituendam3</strong></span> <span class='ocrx_word' id='word_1_180' title='bbox 2308 3024 2385 3086; x_wconf 90' lang='lat' dir='ltr'><strong>qui</strong></span> <span class='ocrx_word' id='word_1_181' title='bbox 2409 3025 2537 3073; x_wconf 87' lang='lat' dir='ltr'><strong>enim</strong></span> 
     </span>
     <span class='ocr_line' id='line_1_20' title="bbox 285 3106 2538 3171; baseline -0.001 -12"><span class='ocrx_word' id='word_1_182' title='bbox 285 3110 521 3168; x_wconf 85' lang='lat' dir='ltr'><strong>retinent,</strong></span> <span class='ocrx_word' id='word_1_183' title='bbox 557 3120 724 3156; x_wconf 73' lang='lat' dir='ltr'><strong>zuup&#39;r</strong></span> <span class='ocrx_word' id='word_1_184' title='bbox 760 3124 803 3155; x_wconf 87' lang='lat' dir='ltr'><strong>v.</strong></span> <span class='ocrx_word' id='word_1_185' title='bbox 823 3123 895 3169; x_wconf 67' lang='lat' dir='ltr'><strong>g„</strong></span> <span class='ocrx_word' id='word_1_186' title='bbox 932 3107 1000 3155; x_wconf 91' lang='lat' dir='ltr'><strong>ita</strong></span> <span class='ocrx_word' id='word_1_187' title='bbox 1035 3107 1274 3171; x_wconf 79' lang='lat' dir='ltr'><strong>expiicaut</strong></span> <span class='ocrx_word' id='word_1_188' title='bbox 1310 3109 1362 3155; x_wconf 90' lang='lat' dir='ltr'><strong>ut</strong></span> <span class='ocrx_word' id='word_1_189' title='bbox 1397 3107 1598 3171; x_wconf 81' lang='lat' dir='ltr'><strong>accipiat</strong></span> <span class='ocrx_word' id='word_1_190' title='bbox 1627 3106 1710 3170; x_wconf 89' lang='lat' dir='ltr'><strong>qui</strong></span> <span class='ocrx_word' id='word_1_191' title='bbox 1731 3109 1942 3155; x_wconf 86' lang='lat' dir='ltr'><strong>mutatus</strong></span> <span class='ocrx_word' id='word_1_192' title='bbox 1972 3106 2146 3154; x_wconf 87' lang='lat' dir='ltr'><strong>dicitur</strong></span> <span class='ocrx_word' id='word_1_193' title='bbox 2171 3106 2412 3155; x_wconf 84' lang='lat' dir='ltr'><strong>civitatem</strong></span> <span class='ocrx_word' id='word_1_194' title='bbox 2441 3108 2538 3156; x_wconf 86' lang='lat' dir='ltr'><strong>Ro·</strong></span> 
     </span>
     <span class='ocr_line' id='line_1_21' title="bbox 284 3190 2541 3256; baseline -0.002 -12"><span class='ocrx_word' id='word_1_195' title='bbox 284 3209 505 3251; x_wconf 83' lang='lat' dir='ltr'><strong>manam;</strong></span> <span class='ocrx_word' id='word_1_196' title='bbox 543 3208 691 3256; x_wconf 89' lang='lat' dir='ltr'><strong>neque</strong></span> <span class='ocrx_word' id='word_1_197' title='bbox 727 3206 863 3241; x_wconf 78' lang='lat' dir='ltr'><strong>secus</strong></span> <span class='ocrx_word' id='word_1_198' title='bbox 900 3191 979 3254; x_wconf 89' lang='lat' dir='ltr'><strong>qui</strong></span> <span class='ocrx_word' id='word_1_199' title='bbox 1016 3207 1178 3240; x_wconf 79' lang='lat' dir='ltr'><strong>vocem</strong></span> <span class='ocrx_word' id='word_1_200' title='bbox 1213 3192 1548 3256; x_wconf 83' lang='lat' dir='ltr'><strong>supprimunt;</strong></span> <span class='ocrx_word' id='word_1_201' title='bbox 1586 3196 1688 3241; x_wconf 88' lang='lat' dir='ltr'><strong>tum</strong></span> <span class='ocrx_word' id='word_1_202' title='bbox 1727 3192 1851 3240; x_wconf 90' lang='lat' dir='ltr'><strong>enim</strong></span> <span class='ocrx_word' id='word_1_203' title='bbox 1887 3191 1946 3239; x_wconf 86' lang='lat' dir='ltr'><strong>ad</strong></span> <span class='ocrx_word' id='word_1_204' title='bbox 1970 3190 2256 3239; x_wconf 88' lang='lat' dir='ltr'><strong>vocabulum</strong></span> <span class='ocrx_word' id='word_1_205' title='bbox 2279 3192 2541 3249; x_wconf 84' lang='lat' dir='ltr'><strong>„civitate”</strong></span> 
     </span>
     <span class='ocr_line' id='line_1_22' title="bbox 286 3276 2540 3341; baseline -0 -14"><span class='ocrx_word' id='word_1_206' title='bbox 286 3277 665 3339; x_wconf 80' lang='lat' dir='ltr'><strong>subintelligitur</strong></span> <span class='ocrx_word' id='word_1_207' title='bbox 703 3276 937 3334; x_wconf 83' lang='lat' dir='ltr'><strong>„Latina”</strong></span> <span class='ocrx_word' id='word_1_208' title='bbox 974 3278 1053 3337; x_wconf 84' lang='lat' dir='ltr'><strong>(ef.</strong></span> <span class='ocrx_word' id='word_1_209' title='bbox 1091 3281 1234 3341; x_wconf 84' lang='lat' dir='ltr'><strong>caput</strong></span> <span class='ocrx_word' id='word_1_210' title='bbox 1271 3278 1331 3325; x_wconf 82' lang='lat'><strong>53</strong></span> <span class='ocrx_word' id='word_1_211' title='bbox 1370 3278 1487 3339; x_wconf 81' lang='lat' dir='ltr'><strong>legis</strong></span> <span class='ocrx_word' id='word_1_212' title='bbox 1537 3277 1680 3338; x_wconf 88' lang='lat' dir='ltr'><strong>Mal.)</strong></span> <span class='ocrx_word' id='word_1_213' title='bbox 1713 3277 1779 3326; x_wconf 89' lang='lat' dir='ltr'><strong>ita</strong></span> <span class='ocrx_word' id='word_1_214' title='bbox 1815 3280 1869 3325; x_wconf 91' lang='lat' dir='ltr'><strong>ut</strong></span> <span class='ocrx_word' id='word_1_215' title='bbox 1923 3291 2066 3325; x_wconf 83' lang='lat' dir='ltr'><strong>causa</strong></span> <span class='ocrx_word' id='word_1_216' title='bbox 2114 3279 2284 3339; x_wconf 80' lang='lat' dir='ltr'><strong>agatur</strong></span> <span class='ocrx_word' id='word_1_217' title='bbox 2319 3277 2419 3326; x_wconf 77' lang='lat' dir='ltr'><strong>eius</strong></span> <span class='ocrx_word' id='word_1_218' title='bbox 2455 3278 2540 3341; x_wconf 87' lang='lat' dir='ltr'><strong>qui</strong></span> 
     </span>
     <span class='ocr_line' id='line_1_23' title="bbox 285 3361 1894 3425; baseline -0.001 -13"><span class='ocrx_word' id='word_1_219' title='bbox 285 3369 502 3413; x_wconf 87' lang='lat' dir='ltr'><strong>mutatur</strong></span> <span class='ocrx_word' id='word_1_220' title='bbox 540 3363 731 3411; x_wconf 84' lang='lat' dir='ltr'><strong>civitate</strong></span> <span class='ocrx_word' id='word_1_221' title='bbox 766 3362 936 3410; x_wconf 83' lang='lat' dir='ltr'><strong>Latina</strong></span> <span class='ocrx_word' id='word_1_222' title='bbox 972 3367 1019 3409; x_wconf 88' lang='lat' dir='ltr'><strong>et</strong></span> <span class='ocrx_word' id='word_1_223' title='bbox 1056 3366 1223 3409; x_wconf 84' lang='lat' dir='ltr'><strong>contra</strong></span> <span class='ocrx_word' id='word_1_224' title='bbox 1261 3361 1524 3411; x_wconf 87' lang='lat' dir='ltr'><strong>Romanam</strong></span> <span class='ocrx_word' id='word_1_225' title='bbox 1563 3362 1894 3425; x_wconf 86' lang='lat' dir='ltr'><strong>consequitur.</strong></span> 
     </span>
    </p>

    <p class='ocr_par' dir='ltr' id='par_1_9' title="bbox 284 3445 2540 4194">
     <span class='ocr_line' id='line_1_24' title="bbox 436 3445 2537 3511; baseline 0.002 -18"><span class='ocrx_word' id='word_1_226' title='bbox 436 3448 471 3511; x_wconf 84' lang='grc'><strong>1)</strong></span> <span class='ocrx_word' id='word_1_227' title='bbox 545 3448 628 3495; x_wconf 86' lang='lat' dir='ltr'><strong>Vir</strong></span> <span class='ocrx_word' id='word_1_228' title='bbox 664 3462 794 3495; x_wconf 83' lang='lat' dir='ltr'><strong>cons.</strong></span> <span class='ocrx_word' id='word_1_229' title='bbox 822 3460 1011 3504; x_wconf 70' lang='lat' dir='ltr'><strong>Asana,</strong></span> <span class='ocrx_word' id='word_1_230' title='bbox 1057 3462 1105 3510; x_wconf 88' lang='lat' dir='ltr'><strong>p.</strong></span> <span class='ocrx_word' id='word_1_231' title='bbox 1131 3448 1258 3495; x_wconf 82' lang='lat' dir='ltr'><strong>118a</strong></span> <span class='ocrx_word' id='word_1_232' title='bbox 1284 3447 1343 3495; x_wconf 89' lang='lat' dir='ltr'><strong>ad</strong></span> <span class='ocrx_word' id='word_1_233' title='bbox 1369 3447 1511 3495; x_wconf 83' lang='lat' dir='ltr'><strong>verba</strong></span> <span class='ocrx_word' id='word_1_234' title='bbox 1545 3446 1659 3509; x_wconf 84' lang='lat' dir='ltr'><strong>legis</strong></span> <span class='ocrx_word' id='word_1_235' title='bbox 1687 3445 1762 3504; x_wconf 78' lang='lat' dir='ltr'><strong>„si</strong></span> <span class='ocrx_word' id='word_1_236' title='bbox 1787 3447 1982 3495; x_wconf 82' lang='lat' dir='ltr'><strong>civitate</strong></span> <span class='ocrx_word' id='word_1_237' title='bbox 2007 3448 2216 3496; x_wconf 75' lang='lat' dir='ltr'><strong>mutatus</strong></span> <span class='ocrx_word' id='word_1_238' title='bbox 2235 3451 2417 3496; x_wconf 83' lang='lat' dir='ltr'><strong>mutata</strong></span> <span class='ocrx_word' id='word_1_239' title='bbox 2443 3464 2537 3497; x_wconf 87' lang='lat' dir='ltr'><strong>non</strong></span> 
     </span>
     <span class='ocr_line' id='line_1_25' title="bbox 290 3531 2538 3596; baseline -0.001 -12"><span class='ocrx_word' id='word_1_240' title='bbox 290 3534 450 3584; x_wconf 84' lang='lat' dir='ltr'><strong>esset’&#39;</strong></span> <span class='ocrx_word' id='word_1_241' title='bbox 503 3534 625 3580; x_wconf 88' lang='lat' dir='ltr'><strong>hano</strong></span> <span class='ocrx_word' id='word_1_242' title='bbox 680 3531 1034 3581; x_wconf 79' lang='lat' dir='ltr'><strong>adnotationem</strong></span> <span class='ocrx_word' id='word_1_243' title='bbox 1073 3531 1352 3596; x_wconf 83' lang='lat' dir='ltr'><strong>adscripsit:</strong></span> <span class='ocrx_word' id='word_1_244' title='bbox 1425 3532 1591 3591; x_wconf 88' lang='lat' dir='ltr'><strong>„Pour</strong></span> <span class='ocrx_word' id='word_1_245' title='bbox 1625 3532 1828 3596; x_wconf 83' lang='lat' dir='ltr'><strong>justifier</strong></span> <span class='ocrx_word' id='word_1_246' title='bbox 1868 3531 2179 3595; x_wconf 81' lang='lat' dir='ltr'><strong>l’expression</strong></span> <span class='ocrx_word' id='word_1_247' title='bbox 2213 3534 2405 3581; x_wconf 74' lang='lat' dir='ltr'><strong>civitate</strong></span> <span class='ocrx_word' id='word_1_248' title='bbox 2439 3550 2538 3583; x_wconf 83' lang='lat' dir='ltr'><strong>mu·</strong></span> 
     </span>
     <span class='ocr_line' id='line_1_26' title="bbox 284 3614 2535 3680; baseline -0.001 -11"><span class='ocrx_word' id='word_1_249' title='bbox 284 3621 385 3669; x_wconf 77' lang='lat' dir='ltr'><strong>tari</strong></span> <span class='ocrx_word' id='word_1_250' title='bbox 419 3619 452 3667; x_wconf 88' lang='lat' dir='ltr'><strong>il</strong></span> <span class='ocrx_word' id='word_1_251' title='bbox 491 3620 592 3667; x_wconf 85' lang='lat' dir='ltr'><strong>faut</strong></span> <span class='ocrx_word' id='word_1_252' title='bbox 637 3615 1027 3665; x_wconf 72' lang='lat' dir='ltr'><strong>necessairement</strong></span> <span class='ocrx_word' id='word_1_253' title='bbox 1075 3632 1167 3665; x_wconf 86' lang='lat' dir='ltr'><strong>une</strong></span> <span class='ocrx_word' id='word_1_254' title='bbox 1212 3617 1447 3665; x_wconf 84' lang='lat' dir='ltr'><strong>mutation</strong></span> <span class='ocrx_word' id='word_1_255' title='bbox 1486 3618 1544 3665; x_wconf 89' lang='lat' dir='ltr'><strong>de</strong></span> <span class='ocrx_word' id='word_1_256' title='bbox 1582 3614 1697 3675; x_wconf 73' lang='lat' dir='ltr'><strong>eit6;</strong></span> <span class='ocrx_word' id='word_1_257' title='bbox 1737 3633 1828 3665; x_wconf 91' lang='lat' dir='ltr'><strong>une</strong></span> <span class='ocrx_word' id='word_1_258' title='bbox 1866 3617 2213 3680; x_wconf 81' lang='lat' dir='ltr'><strong>expatriation,</strong></span> <span class='ocrx_word' id='word_1_259' title='bbox 2253 3633 2343 3665; x_wconf 89' lang='lat' dir='ltr'><strong>une</strong></span> <span class='ocrx_word' id='word_1_260' title='bbox 2380 3622 2535 3666; x_wconf 82' lang='lat' dir='ltr'><strong>trans·</strong></span> 
     </span>
     <span class='ocr_line' id='line_1_27' title="bbox 286 3702 2536 3769; baseline -0.001 -15"><span class='ocrx_word' id='word_1_261' title='bbox 286 3703 546 3767; x_wconf 84' lang='lat' dir='ltr'><strong>migration</strong></span> <span class='ocrx_word' id='word_1_262' title='bbox 584 3718 665 3751; x_wconf 85' lang='lat' dir='ltr'><strong>car</strong></span> <span class='ocrx_word' id='word_1_263' title='bbox 699 3702 903 3769; x_wconf 58' lang='lat' dir='ltr'><strong>civitatis</strong></span> <span class='ocrx_word' id='word_1_264' title='bbox 940 3702 1141 3750; x_wconf 84' lang='lat' dir='ltr'><strong>mutatio</strong></span> <span class='ocrx_word' id='word_1_265' title='bbox 1178 3706 1249 3750; x_wconf 84' lang='lat' dir='ltr'><strong>est</strong></span> <span class='ocrx_word' id='word_1_266' title='bbox 1283 3702 1532 3765; x_wconf 81' lang='lat' dir='ltr'><strong>synonime</strong></span> <span class='ocrx_word' id='word_1_267' title='bbox 1557 3702 1585 3751; x_wconf 72' lang='grc' dir='ltr'><strong>ὃ,</strong></span> <span class='ocrx_word' id='word_1_268' title='bbox 1621 3702 1782 3767; x_wconf 86' lang='lat' dir='ltr'><strong>oppidi</strong></span> <span class='ocrx_word' id='word_1_269' title='bbox 1808 3702 2060 3752; x_wconf 84' lang='lat' dir='ltr'><strong>mutatio.”</strong></span> <span class='ocrx_word' id='word_1_270' title='bbox 2102 3703 2267 3765; x_wconf 79' lang='lat' dir='ltr'><strong>Magni</strong></span> <span class='ocrx_word' id='word_1_271' title='bbox 2304 3704 2536 3752; x_wconf 87' lang='lat' dir='ltr'><strong>momenti</strong></span> 
     </span>
     <span class='ocr_line' id='line_1_28' title="bbox 286 3784 2535 3850; baseline -0.001 -11"><span class='ocrx_word' id='word_1_272' title='bbox 286 3805 387 3839; x_wconf 86' lang='lat' dir='ltr'><strong>non</strong></span> <span class='ocrx_word' id='word_1_273' title='bbox 424 3788 611 3836; x_wconf 82' lang='lat' dir='ltr'><strong>videtur</strong></span> <span class='ocrx_word' id='word_1_274' title='bbox 645 3788 763 3835; x_wconf 86' lang='lat' dir='ltr'><strong>haee</strong></span> <span class='ocrx_word' id='word_1_275' title='bbox 800 3786 1030 3850; x_wconf 78' lang='lat' dir='ltr'><strong>objecti03</strong></span> <span class='ocrx_word' id='word_1_276' title='bbox 1066 3800 1177 3833; x_wconf 87' lang='lat' dir='ltr'><strong>nam</strong></span> <span class='ocrx_word' id='word_1_277' title='bbox 1213 3787 1433 3835; x_wconf 80' lang='lat' dir='ltr'><strong>novimus</strong></span> <span class='ocrx_word' id='word_1_278' title='bbox 1469 3802 1527 3834; x_wconf 86' lang='lat' dir='ltr'><strong>ex</strong></span> <span class='ocrx_word' id='word_1_279' title='bbox 1563 3784 1748 3837; x_wconf 69' lang='lat' dir='ltr'><strong>&#39;cumo</strong></span> <span class='ocrx_word' id='word_1_280' title='bbox 1785 3786 1944 3849; x_wconf 78' lang='lat' dir='ltr'><strong>(Noct.</strong></span> <span class='ocrx_word' id='word_1_281' title='bbox 1982 3788 2081 3836; x_wconf 72' lang='lat' dir='ltr'><strong>Act.</strong></span> <span class='ocrx_word' id='word_1_282' title='bbox 2122 3786 2267 3847; x_wconf 82' lang='lat'><strong>18.7.)</strong></span> <span class='ocrx_word' id='word_1_283' title='bbox 2294 3788 2535 3837; x_wconf 84' lang='lat' dir='ltr'><strong>civitatem</strong></span> 
     </span>
     <span class='ocr_line' id='line_1_29' title="bbox 286 3870 2535 3935; baseline 0 -12"><span class='ocrx_word' id='word_1_284' title='bbox 286 3890 386 3923; x_wconf 88' lang='lat' dir='ltr'><strong>non</strong></span> <span class='ocrx_word' id='word_1_285' title='bbox 422 3877 609 3922; x_wconf 87' lang='lat' dir='ltr'><strong>tantum</strong></span> <span class='ocrx_word' id='word_1_286' title='bbox 649 3871 746 3920; x_wconf 86' lang='lat' dir='ltr'><strong>dici</strong></span> <span class='ocrx_word' id='word_1_287' title='bbox 781 3886 867 3935; x_wconf 87' lang='lat' dir='ltr'><strong>pro</strong></span> <span class='ocrx_word' id='word_1_288' title='bbox 902 3871 1009 3919; x_wconf 88' lang='lat' dir='ltr'><strong>loco</strong></span> <span class='ocrx_word' id='word_1_289' title='bbox 1045 3875 1092 3919; x_wconf 88' lang='lat' dir='ltr'><strong>et</strong></span> <span class='ocrx_word' id='word_1_290' title='bbox 1128 3871 1301 3935; x_wconf 87' lang='lat' dir='ltr'><strong>oppido</strong></span> <span class='ocrx_word' id='word_1_291' title='bbox 1338 3872 1421 3920; x_wconf 80' lang='lat' dir='ltr'><strong>sed</strong></span> <span class='ocrx_word' id='word_1_292' title='bbox 1458 3871 1602 3920; x_wconf 88' lang='lat' dir='ltr'><strong>etiam</strong></span> <span class='ocrx_word' id='word_1_293' title='bbox 1630 3888 1724 3934; x_wconf 80' lang='lat' dir='ltr'><strong>pro</strong></span> <span class='ocrx_word' id='word_1_294' title='bbox 1747 3871 1864 3935; x_wconf 81' lang='lat' dir='ltr'><strong>jure</strong></span> <span class='ocrx_word' id='word_1_295' title='bbox 1898 3870 2128 3930; x_wconf 81' lang='lat' dir='ltr'><strong>omnium,</strong></span> <span class='ocrx_word' id='word_1_296' title='bbox 2170 3872 2294 3920; x_wconf 87' lang='lat' dir='ltr'><strong>unde</strong></span> <span class='ocrx_word' id='word_1_297' title='bbox 2320 3870 2535 3935; x_wconf 85' lang='lat' dir='ltr'><strong>sequitur</strong></span> 
     </span>
     <span class='ocr_line' id='line_1_30' title="bbox 287 3956 2540 4023; baseline -0.001 -13"><span class='ocrx_word' id='word_1_298' title='bbox 287 3961 327 4010; x_wconf 77' lang='lat' dir='ltr'><strong>si</strong></span> <span class='ocrx_word' id='word_1_299' title='bbox 367 3959 534 4008; x_wconf 84' lang='lat' dir='ltr'><strong>civitas</strong></span> <span class='ocrx_word' id='word_1_300' title='bbox 569 3974 655 4023; x_wconf 88' lang='lat' dir='ltr'><strong>pro</strong></span> <span class='ocrx_word' id='word_1_301' title='bbox 688 3957 795 4021; x_wconf 82' lang='lat' dir='ltr'><strong>jure</strong></span> <span class='ocrx_word' id='word_1_302' title='bbox 831 3959 1113 4021; x_wconf 83' lang='lat' dir='ltr'><strong>usurpetur,</strong></span> <span class='ocrx_word' id='word_1_303' title='bbox 1153 3956 1358 4005; x_wconf 80' lang='lat' dir='ltr'><strong>civitatis</strong></span> <span class='ocrx_word' id='word_1_304' title='bbox 1395 3956 1706 4005; x_wconf 88' lang='lat' dir='ltr'><strong>mutationem</strong></span> <span class='ocrx_word' id='word_1_305' title='bbox 1739 3956 1858 4021; x_wconf 81' lang='lat' dir='ltr'><strong>juris</strong></span> <span class='ocrx_word' id='word_1_306' title='bbox 1895 3956 2210 4006; x_wconf 88' lang='lat' dir='ltr'><strong>mutationem</strong></span> <span class='ocrx_word' id='word_1_307' title='bbox 2240 3957 2540 4022; x_wconf 82' lang='lat' dir='ltr'><strong>significare.-</strong></span> 
     </span>
     <span class='ocr_line' id='line_1_31' title="bbox 286 4040 2530 4107; baseline -0.001 -13"><span class='ocrx_word' id='word_1_308' title='bbox 286 4046 381 4094; x_wconf 86' lang='lat' dir='ltr'><strong>hoe</strong></span> <span class='ocrx_word' id='word_1_309' title='bbox 433 4059 545 4092; x_wconf 85' lang='lat' dir='ltr'><strong>vero</strong></span> <span class='ocrx_word' id='word_1_310' title='bbox 599 4042 773 4107; x_wconf 89' lang='lat' dir='ltr'><strong>optime</strong></span> <span class='ocrx_word' id='word_1_311' title='bbox 820 4042 1022 4105; x_wconf 81' lang='lat' dir='ltr'><strong>quadrat</strong></span> <span class='ocrx_word' id='word_1_312' title='bbox 1076 4043 1125 4090; x_wconf 90' lang='lat' dir='ltr'><strong>in</strong></span> <span class='ocrx_word' id='word_1_313' title='bbox 1162 4042 1450 4091; x_wconf 83' lang='lat' dir='ltr'><strong>sententiam</strong></span> <span class='ocrx_word' id='word_1_314' title='bbox 1487 4040 1668 4107; x_wconf 85' lang='lat' dir='ltr'><strong>Capitis</strong></span> <span class='ocrx_word' id='word_1_315' title='bbox 1707 4042 1800 4102; x_wconf 79' lang='lat'><strong>223</strong></span> <span class='ocrx_word' id='word_1_316' title='bbox 1849 4045 2062 4091; x_wconf 89' lang='lat' dir='ltr'><strong>mutatur</strong></span> <span class='ocrx_word' id='word_1_317' title='bbox 2098 4042 2223 4091; x_wconf 88' lang='lat' dir='ltr'><strong>enim</strong></span> <span class='ocrx_word' id='word_1_318' title='bbox 2254 4041 2332 4106; x_wconf 84' lang='lat' dir='ltr'><strong>jus</strong></span> <span class='ocrx_word' id='word_1_319' title='bbox 2368 4058 2530 4092; x_wconf 87' lang='lat' dir='ltr'><strong>eorum</strong></span> 
     </span>
     <span class='ocr_line' id='line_1_32' title="bbox 285 4126 2009 4194; baseline -0.001 -16"><span class='ocrx_word' id='word_1_320' title='bbox 285 4130 367 4194; x_wconf 88' lang='lat' dir='ltr'><strong>qui</strong></span> <span class='ocrx_word' id='word_1_321' title='bbox 407 4128 563 4178; x_wconf 88' lang='lat' dir='ltr'><strong>Latini</strong></span> <span class='ocrx_word' id='word_1_322' title='bbox 600 4131 711 4176; x_wconf 77' lang='lat' dir='ltr'><strong>sunt</strong></span> <span class='ocrx_word' id='word_1_323' title='bbox 748 4130 887 4191; x_wconf 86' lang='lat' dir='ltr'><strong>atque</strong></span> <span class='ocrx_word' id='word_1_324' title='bbox 925 4127 1221 4177; x_wconf 83' lang='lat' dir='ltr'><strong>convertitur</strong></span> <span class='ocrx_word' id='word_1_325' title='bbox 1258 4128 1303 4175; x_wconf 90' lang='lat' dir='ltr'><strong>in</strong></span> <span class='ocrx_word' id='word_1_326' title='bbox 1336 4128 1415 4191; x_wconf 83' lang='lat' dir='ltr'><strong>jus</strong></span> <span class='ocrx_word' id='word_1_327' title='bbox 1450 4126 1627 4176; x_wconf 76' lang='lat' dir='ltr'><strong>clvium</strong></span> <span class='ocrx_word' id='word_1_328' title='bbox 1665 4128 2009 4176; x_wconf 88' lang='lat' dir='ltr'><strong>Romanorum.</strong></span> 
     </span>
    </p>

    <p class='ocr_par' dir='ltr' id='par_1_10' title="bbox 429 4212 2372 4277">
     <span class='ocr_line' id='line_1_33' title="bbox 429 4212 2372 4277; baseline 0 -16"><span class='ocrx_word' id='word_1_329' title='bbox 429 4214 469 4274; x_wconf 63' lang='grc'><strong>2)</strong></span> <span class='ocrx_word' id='word_1_330' title='bbox 539 4212 681 4277; x_wconf 73' lang='lat' dir='ltr'><strong>Quod</strong></span> <span class='ocrx_word' id='word_1_331' title='bbox 719 4213 778 4261; x_wconf 87' lang='lat' dir='ltr'><strong>ad</strong></span> <span class='ocrx_word' id='word_1_332' title='bbox 816 4213 1018 4277; x_wconf 85' lang='lat' dir='ltr'><strong>patriam</strong></span> <span class='ocrx_word' id='word_1_333' title='bbox 1054 4215 1337 4277; x_wconf 86' lang='lat' dir='ltr'><strong>potestatem</strong></span> <span class='ocrx_word' id='word_1_334' title='bbox 1373 4216 1503 4277; x_wconf 89' lang='lat' dir='ltr'><strong>patet</strong></span> <span class='ocrx_word' id='word_1_335' title='bbox 1541 4228 1725 4276; x_wconf 91' lang='lat' dir='ltr'><strong>quoque</strong></span> <span class='ocrx_word' id='word_1_336' title='bbox 1763 4228 1820 4261; x_wconf 88' lang='lat' dir='ltr'><strong>ex</strong></span> <span class='ocrx_word' id='word_1_337' title='bbox 1857 4212 1978 4277; x_wconf 86' lang='lat' dir='ltr'><strong>Cap.</strong></span> <span class='ocrx_word' id='word_1_338' title='bbox 2015 4212 2076 4261; x_wconf 83' lang='lat'><strong>21</strong></span> <span class='ocrx_word' id='word_1_339' title='bbox 2116 4212 2208 4276; x_wconf 83' lang='lat' dir='ltr'><strong>leg.</strong></span> <span class='ocrx_word' id='word_1_340' title='bbox 2244 4212 2372 4277; x_wconf 82' lang='lat' dir='ltr'><strong>Salp.</strong></span> 
     </span>
    </p>

    <p class='ocr_par' dir='ltr' id='par_1_11' title="bbox 428 4297 2527 4364">
     <span class='ocr_line' id='line_1_34' title="bbox 428 4297 2527 4364; baseline 0 -17"><span class='ocrx_word' id='word_1_341' title='bbox 428 4298 467 4361; x_wconf 76' lang='grc'><strong>3)</strong></span> <span class='ocrx_word' id='word_1_342' title='bbox 536 4298 608 4347; x_wconf 86' lang='lat' dir='ltr'><strong>De</strong></span> <span class='ocrx_word' id='word_1_343' title='bbox 644 4297 881 4347; x_wconf 80' lang='lat' dir='ltr'><strong>dominica</strong></span> <span class='ocrx_word' id='word_1_344' title='bbox 917 4300 1149 4363; x_wconf 80' lang='lat' dir='ltr'><strong>potestate</strong></span> <span class='ocrx_word' id='word_1_345' title='bbox 1186 4298 1312 4347; x_wconf 85' lang='lat' dir='ltr'><strong>enim</strong></span> <span class='ocrx_word' id='word_1_346' title='bbox 1356 4313 1430 4347; x_wconf 83' lang='lat' dir='ltr'><strong>res</strong></span> <span class='ocrx_word' id='word_1_347' title='bbox 1465 4298 1568 4362; x_wconf 85' lang='lat' dir='ltr'><strong>ipsa</strong></span> <span class='ocrx_word' id='word_1_348' title='bbox 1605 4298 1746 4348; x_wconf 84' lang='lat' dir='ltr'><strong>docet</strong></span> <span class='ocrx_word' id='word_1_349' title='bbox 1778 4298 1830 4347; x_wconf 88' lang='lat' dir='ltr'><strong>in</strong></span> <span class='ocrx_word' id='word_1_350' title='bbox 1867 4298 2035 4363; x_wconf 82' lang='lat' dir='ltr'><strong>Capite</strong></span> <span class='ocrx_word' id='word_1_351' title='bbox 2073 4300 2136 4348; x_wconf 78' lang='lat'><strong>22</strong></span> <span class='ocrx_word' id='word_1_352' title='bbox 2173 4298 2292 4363; x_wconf 73' lang='lat' dir='ltr'><strong>legis</strong></span> <span class='ocrx_word' id='word_1_353' title='bbox 2327 4298 2527 4364; x_wconf 84' lang='lat' dir='ltr'><strong>Salpen-</strong></span> 
     </span>
    </p>
   </div>
   <div class='ocr_carea' id='block_1_6' title="bbox 287 4398 1188 4533">
    <p class='ocr_par' dir='ltr' id='par_1_12' title="bbox 287 4398 1188 4533">
     <span class='ocr_line' id='line_1_35' title="bbox 287 4398 1023 4436; baseline -0.004 0"><span class='ocrx_word' id='word_1_354' title='bbox 287 4399 432 4436; x_wconf 75' lang='lat' dir='ltr'><strong>sanae</strong></span> <span class='ocrx_word' id='word_1_355' title='bbox 466 4398 739 4433; x_wconf 79' lang='lat' dir='ltr'><strong>sermonem</strong></span> <span class='ocrx_word' id='word_1_356' title='bbox 775 4399 869 4432; x_wconf 92' lang='lat' dir='ltr'><strong>non</strong></span> <span class='ocrx_word' id='word_1_357' title='bbox 907 4399 1023 4433; x_wconf 81' lang='lat' dir='ltr'><strong>esse.</strong></span> 
     </span>
     <span class='ocr_line' id='line_1_36' title="bbox 426 4467 1188 4533; baseline 0.003 -17"><span class='ocrx_word' id='word_1_358' title='bbox 426 4467 467 4530; x_wconf 78' lang='lat'><strong>⁴)</strong></span> <span class='ocrx_word' id='word_1_359' title='bbox 542 4468 661 4517; x_wconf 86' lang='lat' dir='ltr'><strong>Vide</strong></span> <span class='ocrx_word' id='word_1_360' title='bbox 697 4468 850 4518; x_wconf 84' lang='lat' dir='ltr'><strong>Rubr.</strong></span> <span class='ocrx_word' id='word_1_361' title='bbox 886 4467 1070 4533; x_wconf 80' lang='lat' dir='ltr'><strong>Capitis</strong></span> <span class='ocrx_word' id='word_1_362' title='bbox 1107 4468 1188 4518; x_wconf 80' lang='lat'><strong>22.</strong></span> 
     </span>
    </p>
   </div>
  </div>
 </body>
</html>
