3027 5263
1573 545 1702 608 176

510 765 691 809 cuum
744 741 1077 809 vendendis
1122 741 1319 808 dicere
1366 748 1670 828 oporteret
1685 740 1747 821 ;”
1795 764 1872 806 ex
1919 740 2087 806 hisee
2123 739 2318 806 verbis
2351 740 2505 806 illud
2539 739 2758 805 saltem

508 871 684 937 nobis
749 872 1022 937 innotuit
1085 870 1274 957 (quod
1323 875 1501 935 antea
1565 893 1641 935 ne
1691 870 1984 955 conjicere
2034 869 2278 955 quidem
2329 868 2576 952 licebat)
2627 868 2755 932 duo

510 999 876 1064 venditionis
936 997 1131 1062 stadia
1194 997 1412 1074 fuisse,
1503 1019 1574 1062 ac
1644 997 1696 1061 si
1767 996 1831 1061 in
1905 997 2100 1083 priore
2175 997 2523 1062 venditione
2595 1018 2755 1081 quae

508 1126 819 1192 dicebatur
866 1125 1046 1212 „lege
1094 1124 1538 1211 praediatoria”
1586 1125 1875 1210 praedum
1926 1124 2085 1190 bona
2117 1134 2449 1210 emptorem
2499 1146 2627 1188 non
2662 1125 2754 1188 in·

508 1256 839 1334 venissent,
890 1261 1022 1318 tum
1073 1276 1175 1319 eos
1226 1254 1456 1318 venisse
1505 1254 1570 1316 in
1623 1275 1901 1318 vacuum.
1983 1252 2158 1316 Licet
2209 1261 2410 1318 tamen
2438 1253 2511 1317 de
2539 1252 2658 1316 hac
2691 1275 2756 1316 re

506 1380 880 1462 constiterit,
948 1381 1195 1446 minime
1260 1382 1652 1446 consentiunt
1699 1380 2058 1467 interpretes
2116 1381 2180 1445 in
2233 1379 2591 1467 explicanda
2643 1379 2753 1444 illa

503 1510 865 1576 venditione.
928 1509 1155 1575 Eorum
1206 1508 1524 1594 opiniones
1573 1509 1647 1573 de
1695 1515 1912 1573 natura
1956 1508 2318 1573 venditionis
2350 1507 2625 1594 pendent
2675 1529 2752 1572 ex

504 1638 737 1704 diversa
814 1636 1085 1715 ratione,
1162 1659 1281 1722 qua
1358 1635 1513 1700 bona
1585 1635 1878 1722 praedum
1945 1635 2214 1721 obligata
2285 1657 2416 1700 esse
2489 1635 2750 1699 ducunt.

502 1765 737 1852 Operae
786 1766 1043 1851 pretium
1096 1764 1335 1829 videtur
1384 1764 1654 1850 singulas
1700 1763 2032 1849 explorare.

688 1893 776 1957 Ut
838 1893 1245 1978 antiquioreS,
1312 1893 1421 1978 qui
1486 1893 1599 1956 hac
1667 1892 1741 1956 de
1804 1914 1868 1956 re
1934 1891 2338 1975 scripserunt,
2388 1890 2756 1976 interpretes

503 2022 739 2086 mittam
774 2022 849 2106 ¹),
904 2041 1261 2098 BAOHOFEN,
1328 2021 1436 2106 qui
1500 2027 1640 2085 ante
1711 2020 1902 2105 legem
1971 2020 2399 2084 Malacitanam
2449 2026 2752 2106 repertam

502 2149 775 2236 scripsit,
832 2149 1088 2235 ideoque
1138 2149 1300 2214 varia
1337 2132 1709 2214 'venditionis
1738 2148 1932 2212 stadia
1957 2170 2082 2212 non
2111 2147 2423 2226 distinxit,
2453 2148 2750 2232 praedum

502 2278 1009 2364 praediorumque
1060 2277 1472 2342 venditionem
1522 2299 1745 2340 meram
1783 2276 2056 2362 pignoris
2086 2275 2536 2340 distractionem
2567 2274 2756 2339 fuisse

464 2407 753 2484 ·statuit,
805 2405 969 2491 quod
1020 2428 1399 2491 consequens
1448 2413 1542 2470 est
1591 2406 1785 2490 ipsius
1813 2404 2091 2490 opinioni
2125 2404 2352 2488 dejure
2378 2402 2754 2489 reipublicae

500 2535 567 2598 in
618 2534 912 2621 praedum
963 2534 1122 2599 bona
1173 2542 1234 2599 et
1284 2533 1564 2620 praedia,
1619 2533 1845 2618 quippe
1879 2555 2034 2618 quae
2077 2538 2294 2597 cuncta
2318 2533 2450 2617 jure
2478 2531 2754 2618 pignoris

500 2663 766 2749 obligata
809 2686 931 2728 esse
958 2662 1180 2728 dixerit
1214 2663 1287 2747 ²).
1343 2663 1495 2728 Cum
1527 2669 1727 2727 autem
1756 2662 1954 2748 ipsum
2005 2661 2234 2749 pignus
2263 2668 2394 2725 tum
2429 2660 2494 2724 in
2531 2660 2752 2725 ceteris

497 2791 786 2878 praedum
838 2791 1011 2856 bonis
1062 2800 1191 2855 tum
1239 2791 1301 2855 in
1337 2789 1617 2876 praediis
1643 2796 2002 2855 contractum
2035 2811 2156 2853 non
2184 2810 2312 2853 esse
2338 2789 2748 2869 ostenderim,

498 2943 593 2984 res
625 2918 756 3003 ipsa
790 2919 967 2985 docet
998 2919 1072 2984 de
1105 2919 1492 2983 distractione
1527 2941 1861 2984 sermonem
1897 2940 2024 2982 esse
2058 2940 2182 2982 nou
2216 2940 2393 3003 posse
2412 2944 2430 2995 3
2481 2918 2750 2982 multum

500 3057 733 3126 tamen,
803 3054 873 3112 ut
921 3048 1037 3113 hoc
1084 3047 1334 3126 addam,
1385 3053 1598 3112 auctor
1643 3069 1768 3110 non
1822 3046 2062 3110 aberrat
2109 3068 2144 3109 a
2195 3068 2331 3109 vera
2382 3044 2754 3109 venditionis

500 3183 735 3242 natura.

688 3304 1013 3368 Momaan
1060 3303 1291 3391 primus
1340 3303 1751 3369 venditionem
1801 3303 2094 3389 praedum
2130 3303 2514 3389 praediorum
2565 3303 2754 3389 „lege

1586 3434 1624 3462 ”
1692 3433 2009 3509 distinxit,
2063 3432 2229 3497 illam
2281 3440 2484 3496 autem
2535 3435 2752 3517 peragi

500 3432 938 3521 praediatoria''
1012 3441 1073 3498 et
1144 3433 1259 3513 „in
1325 3456 1581 3498 vacuum

498 3562 770 3641 censuit,
820 3583 957 3627 cum
1007 3560 1350 3648 respublica
1400 3584 1554 3647 opus
1618 3560 1931 3646 publicum
1982 3560 2058 3625 ab
2107 3560 2311 3645 aliquo
2362 3559 2754 3645 redemptum

499 3698 704 3779 postea
776 3697 980 3755 tamen
1049 3689 1497 3776 improbatum,
1554 3690 1774 3754 iterum
1853 3688 2047 3767 locet,
2116 3711 2343 3753 novum
2411 3688 2760 3774 redempto-

498 3843 625 3886 rem
673 3826 875 3885 tamen
925 3819 1059 3885 loco
1110 3819 1467 3897 solutioniS,
1516 3818 1778 3905 pretium
1832 3818 2070 3903 exigere
2115 3816 2324 3902 jubeat
2358 3839 2391 3880 a
2418 3815 2756 3902 praedibus

501 3942 721 4034 prioris
742 3947 809 4033 ³).
863 3946 1029 4013 Haec
1063 3947 1363 4012 sententia
1399 3947 1507 4011 viri
1542 3946 1618 4011 cl.
1655 3966 1964 4011 Mommsen
1998 3945 2214 4009 nititur
2249 3945 2379 4009 loco
2414 3965 2757 4012 omanoms

651 4228 682 4290 ¹)
754 4227 825 4277 De
877 4227 935 4276 iis
973 4227 1031 4276 cf.
1070 4240 1267 4285 arvina,
1310 4228 1359 4275 in
1401 4226 1486 4289 Op.
1525 4229 1557 4276 l.
1594 4244 1640 4292 p.
1681 4226 1804 4286 100,
1859 4226 1938 4276 ubi
1976 4226 2147 4275 addere
2184 4225 2414 4291 potuisset
2453 4238 2764 4277 nuscanum

501 4313 551 4364 in
594 4315 680 4377 Op.
716 4312 750 4361 Ζ.
792 4313 847 4371 2,
886 4329 934 4378 p.
973 4313 1085 4362 581.

644 4399 685 4461 2)
759 4398 877 4446 Vide
912 4401 1037 4447 auct.
1074 4399 1121 4447 in
1160 4398 1344 4463 Opere:
1386 4398 1676 4462 Psandrecht
1711 4414 1756 4462 p.
1795 4399 1909 4447 219.

640 4484 678 4550 ³)
750 4481 869 4537 Vide
905 4486 1031 4535 auct.
1067 4484 1114 4533 in
1154 4482 1335 4550 Opere=
1372 4483 1668 4535 Stadtreekte
1701 4500 1749 4549 p.
1788 4482 1913 4541 474,
1949 4481 2067 4535 475.
