3027 5263
1335 597 1461 658 185

267 796 471 875 postea
544 790 699 874 juris
775 787 1001 852 factum
1076 793 1168 852 est
1238 788 1303 852 in
1378 787 1688 852 debitores
1756 789 1922 866 fisci,
1971 810 2176 853 revera
2235 787 2521 852 docemur

268 918 481 980 fiscum
533 916 779 980 solitum
834 915 1015 978 fuisse
1064 937 1272 979 eorum
1324 915 1483 1004 bona
1534 915 1869 980 distrahere
1912 917 1974 1000 ¹).

454 1045 553 1108 Ne
619 1043 942 1127 objiciatur
1011 1044 1097 1106 ita
1170 1043 1352 1106 nimis
1428 1044 1642 1106 duram
1717 1043 1937 1128 agendi
1988 1043 2283 1108 rationem
2332 1041 2520 1105 fuisse

268 1145 479 1236 contra
512 1171 813 1236 debitores
845 1170 1251 1255 reipublicae;
1289 1193 1428 1234 nam
1467 1169 1821 1236 dilationem
1859 1171 1932 1235 iis
1966 1193 2308 1236 concessam
2337 1169 2522 1235 fuisse

271 1300 535 1384 conjeci,
610 1307 743 1363 tum
793 1321 867 1362 ex
916 1320 1099 1362 causa
1146 1297 1416 1362 «Iuniana
1464 1298 1645 1362 modo
1694 1299 1973 1385 exposita
2021 1299 2304 1385 apparuit
2353 1320 2522 1386 prae·

268 1427 451 1492 dibus
498 1426 739 1490 licuisse
797 1424 959 1490 bona
1006 1448 1115 1490 sua
1166 1447 1373 1490 rursus
1398 1449 1630 1507 emere3
1683 1427 1808 1492 imo
1835 1449 1936 1491 eos
1963 1425 2206 1492 meliore
2233 1426 2522 1512 quodam-

268 1555 452 1618 modo
496 1555 627 1639 jure
676 1575 817 1618 usos
864 1554 1070 1618 fuisse.

467 1682 714 1745 Diversa
764 1686 1069 1746 momenta
1118 1681 1524 1759 venditionis,
1577 1703 1761 1766 supra
1784 1682 1906 1766 jam
1943 1682 2182 1760 notavi,
2219 1703 2519 1767 nusquam

268 1817 397 1872 tam
472 1815 747 1874 accurate
822 1808 1109 1873 distincta
1179 1809 1367 1874 fuisse
1418 1831 1601 1893 quam
1655 1811 1718 1872 in
1769 1810 1900 1895 ipsa
1948 1809 2078 1896 lege
2131 1811 2516 1876 Malacitana.

272 1938 367 2002 De
418 1936 762 2002 discrimine
812 1947 1012 2000 autem
1066 1937 1223 2001 inter
1282 1937 1693 2001 venditionem
1747 1937 1923 2022 „lege
1973 1938 2410 2024 praediatoria”
2461 1946 2522 2004 et

267 2067 385 2144 „in
464 2063 751 2129 vacuum''
801 2063 960 2128 nihil
1028 2064 1207 2128 docet
1264 2065 1411 2129 haec
1468 2065 1603 2144 lex,
1664 2066 1785 2129 nisi
1849 2067 2260 2132 venditionem
2309 2069 2373 2131 in
2424 2090 2520 2131 va-

272 2216 460 2259 cuum
510 2199 747 2257 tantum
800 2214 911 2255 usu
964 2192 1165 2256 venire
1223 2192 1274 2254 si
1330 2191 1596 2256 venditio
1646 2191 1777 2277 lege
1826 2193 2230 2278 praediatoria
2277 2194 2516 2259 nullum

272 2321 556 2385 habuerit
604 2321 904 2384 effect-um.
1006 2319 1158 2384 Inde
1209 2319 1322 2384 hoc
1373 2321 1584 2384 saltem
1637 2321 1808 2405 sequi
1859 2321 2133 2402 videtur,
2197 2323 2353 2386 hanc
2401 2323 2519 2386 uti·

269 2451 485 2514 liorem
535 2451 719 2513 fuisse
768 2449 1021 2534 emptori
1073 2448 1370 2513 bonorum
1407 2473 1588 2535 quarn
1627 2450 1831 2529 illam3
1886 2453 2006 2516 imo
2055 2451 2116 2514 in
2171 2451 2518 2516 venditione

268 2601 345 2643 ex
395 2577 529 2664 lege
586 2576 985 2663 praediatoria
1032 2577 1313 2641 instit-uta
1362 2577 1524 2664 leges
1573 2579 1859 2663 quasdam
1915 2578 2093 2644 utiles
2143 2580 2351 2665 praedi
2423 2579 2518 2644 vel

268 2707 555 2771 creditori
602 2706 837 2770 additas
899 2706 1085 2769 fuisse
1101 2732 1118 2783 3
1168 2707 1217 2769 si
1268 2729 1444 2771 nemo
1505 2705 1666 2771 bona
1721 2707 2011 2792 praedum
2064 2708 2230 2772 hisce
2280 2708 2517 2794 legibus

272 2858 469 2901 emere
542 2834 817 2913 volebat,
887 2834 1005 2897 alia
1056 2834 1323 2898 venditio
1376 2836 1570 2899 locum
1633 2836 1890 2899 habebat
1940 2859 2093 2922 quae
2143 2838 2206 2900 in
2259 2860 2515 2901 vacuum

268 2962 613 3039 dicebatur,
667 2964 953 3048 quoniam
996 2961 1137 3026 illae
1181 2962 1563 3026 condiciones
1614 2964 1954 3028 deficerent.
2009 2964 2240 3045 Quales
2289 2965 2517 3029 fuerint

266 3092 596 3168 nescimuS‚
658 3090 953 3175 conjicere
1004 3096 1242 3153 tantum
1292 3089 1438 3155 licet
1453 3118 1470 3169 ς
1524 3110 1858 3155 DERNBURG
1909 3092 2163 3157 fortasse
2205 3115 2326 3155 non
2363 3092 2518 3157 mul-

267 3230 398 3285 tum
452 3243 485 3283 a
534 3242 671 3283 vero
716 3218 1014 3282 aberravit
1049 3219 1194 3304 qui,
1246 3216 1336 3282 uti
1368 3220 1491 3303 jam
1530 3220 1767 3297 monui,
1807 3220 2193 3286 condiciones
2229 3222 2514 3308 perutiles

264 3348 629 3435 reipublicae
678 3348 739 3411 in
794 3347 1138 3411 venditione
1186 3348 1317 3433 lege
1367 3349 1772 3433 praediatoria
1823 3350 2061 3414 additas
2112 3372 2240 3415 esse
2292 3350 2509 3415 voluit.

452 3478 715 3541 Primam
769 3476 1171 3540 venditionem
1226 3477 1403 3561 „lege
1430 3477 1874 3562 praediatoria'’
1909 3478 2129 3543 dictam
2158 3501 2287 3543 esse
2314 3486 2466 3565 puto
2488 3528 2508 3557 ,

262 3606 407 3693 quia
454 3628 697 3691 prorsus
748 3604 1193 3670 accommodata
1244 3614 1370 3669 erat
1403 3606 1740 3691 prae-ceptis
1773 3606 1925 3691 legis
1953 3607 2392 3691 praediatoriae
2418 3608 2466 3690 2)
2490 3656 2506 3683 ,

258 3756 417 3819 quae
467 3733 539 3797 de
584 3732 1044 3799 condicionibus
1087 3755 1331 3818 quoque
1375 3735 1658 3798 statuerit
1700 3728 1972 3800 ex'more
1998 3734 2143 3799 huic
2169 3735 2510 3800 venditioni

1426 3860 1464 3890 2³

258 3860 594 3943 addendis3
660 3861 923 3926 secunda
986 3862 1099 3939 „in
1168 3884 1423 3925 vacuum
1530 3862 1878 3943 dicebatur,
1949 3864 2090 3948 quia
2139 3864 2308 3929 nulla
2356 3864 2509 3929 eius·

408 4160 443 4221 ¹)
516 4160 632 4209 Vide
669 4159 759 4225 leg.
798 4162 859 4209 45
900 4164 921 4223 §
962 4162 1022 4210 12
1063 4162 1119 4213 D.
1155 4162 1215 4210 de
1236 4162 1355 4226 jure
1374 4162 1491 4226 fisci
1528 4162 1731 4223 (49.14).

403 4246 441 4306 2)
514 4246 609 4294 Lex
645 4246 965 4309 praediatoria
1003 4250 1105 4295 erat
1141 4247 1307 4311 populi
1346 4247 1531 4295 Scitum
1571 4247 1780 4297 incertae
1817 4247 2016 4307 aetatis,
2047 4248 2173 4312 quod
2199 4264 2294 4298 non
2321 4252 2508 4297 tantum

254 4334 353 4382 hoc
386 4332 522 4389 loco,
561 4331 642 4379 sed
680 4332 805 4395 apud
842 4346 1005 4381 onum
1041 4332 1238 4381 fortasse
1279 4348 1464 4397 quoqne
1500 4336 1796 4381 memoratur
1833 4333 1959 4396 (Lib.
1995 4336 2026 4381 4
2065 4335 2220 4396 §28);
2259 4333 2417 4382 deilla
2442 4332 2505 4383 cf.

254 4432 514 4470 Mommsen
549 4420 845 4468 Stadlreohte
880 4436 927 4484 p.
962 4418 1063 4469 474
1099 4424 1203 4468 not.
1240 4422 1333 4477 44,
1394 4433 1677 4469 nssnnsuno
1716 4420 1762 4468 in
1801 4420 1979 4486 Opere:
2032 4421 2327 4483 &andrea-ht
2359 4420 2411 4477 Ι,
2461 4435 2507 4483 p.

256 4506 344 4557 36.
383 4516 567 4554 mvn-:s
602 4502 652 4555 in
694 4504 777 4570 Op.
817 4507 850 4555 l.
886 4522 935 4574 p.
976 4506 1269 4566 109—112,
1326 4504 1532 4554 addatur
1569 4518 1832 4557 eounsmr
1865 4505 2201 4567 incomment.
2235 4508 2268 4556 l.
2305 4522 2352 4574 p.
2392 4506 2506 4555 563.
