3027 5263
1351 568 1432 629 87

269 762 651 830 consulatum
698 762 950 849 petiisse
999 784 1139 827 cum
1189 761 1452 847 primum
1501 760 1739 825 licitum
1790 766 1983 839 esset;
2034 761 2086 825 si
2114 761 2283 827 hisce
2320 762 2515 828 verbis

260 892 556 977 jungatur
600 890 763 975 quod
829 890 974 955 alibi
1049 888 1204 953 dixit
1236 888 1314 973 ¹):
1382 911 1492 967 „se
1544 911 1655 952 suo
1705 910 1867 952 anno
1914 888 2171 953 honores
2222 890 2508 975 adeptum

265 1017 476 1097 esse,''
523 1024 785 1083 statuere
834 1017 983 1081 licet
1029 1023 1284 1081 aetatem
1335 1038 1456 1101 qua
1502 1015 1610 1079 ille
1659 1016 1915 1079 honores
1962 1016 2215 1101 adeptus
2246 1017 2331 1081 sit
2363 1016 2512 1105 legi·

260 1146 480 1209 timam
527 1146 712 1209 fuisse
737 1145 810 1230 ²).
903 1147 1183 1209 Aetatem
1233 1143 1402 1209 illam
1449 1143 1586 1228 lege
1635 1141 1820 1207 Villia
1867 1143 2071 1208 annali
2114 1146 2507 1211 constitutam

272 1274 460 1339 fuisse
506 1272 830 1339 verisimile
881 1273 1118 1337 videtur
1144 1272 1213 1357 ³).

456 1401 552 1465 De
600 1405 795 1465 aetate
846 1420 1000 1482 quae
1049 1398 1115 1461 in
1148 1396 1500 1481 municipiis
1534 1396 1944 1480 requireretur
1977 1396 2161 1462 verbo
2190 1398 2313 1482 jain
2347 1398 2475 1463 dixi
2492 1426 2511 1477 3

265 1529 335 1593 in
366 1528 501 1614 lege
532 1527 702 1592 Julia
750 1524 1144 1611 municipali,
1195 1523 1341 1589 licet
1387 1546 1527 1587 sane
1554 1573 1573 1602 ‚
1624 1530 1694 1587 ut
1742 1524 1805 1588 in
1854 1524 1986 1609 lege
2036 1532 2276 1603 nostra,
2304 1526 2513 1592 eadem

259 1661 428 1721 aetas
461 1653 746 1719 omnibus
795 1652 1164 1737 praescripta
1214 1658 1401 1728 esset,
1440 1650 1548 1735 qui
1576 1651 2059 1737 qualemcunque
2085 1653 2509 1739 magistratum

257 1787 582 1869 peterent,
648 1786 850 1844 tamen
900 1800 1096 1842 annus
1145 1775 1493 1854 differebat3
1562 1778 1895 1843 constitut-a
1943 1779 2105 1843 enim
2164 1787 2293 1845 erat
2351 1788 2513 1846 aetas

266 1912 356 1973 30
415 1930 710 1974 annorum
739 1908 808 1991 ⁴).

455 2034 554 2099 Ad
604 2032 1105 2098 extraordinarios
1185 2032 1573 2117 magistratus
1647 2054 1769 2096 non
1844 2038 2121 2117 spectant
2190 2042 2511 2121 praecepta

263 2162 452 2228 huius
526 2160 801 2246 Capitis3
851 2161 917 2224 in
967 2159 1182 2245 Capite
1232 2166 1434 2223 autem
1487 2164 1571 2222 25
1624 2158 1776 2245 legis
1826 2159 2232 2244 Salpensanae
2282 2184 2511 2247 paucae

265 2304 682 2364 memorantur
730 2296 1154 2375 conditioneS,
1207 2295 1438 2381 quibus
1488 2294 1597 2379 qui
1645 2316 1771 2358 non
1817 2295 2221 2381 respondeant
2255 2295 2518 2383 relinqui

266 2448 397 2491 non
443 2424 676 2511 possint
724 2422 1011 2509 praefecti
1059 2446 1093 2487 a
1142 2422 1363 2488 IIviro.

456 2552 782 2616 Rationem
855 2551 1019 2616 enim
1066 2551 1195 2615 eius
1266 2549 1486 2614 habere
1535 2551 1749 2635 nequit
1805 2549 1973 2614 IIvir
2020 2551 2127 2636 qui
2178 2551 2379 2617 minor
2442 2552 2519 2619 sit

270 2684 357 2746 35
420 2702 747 2756 annorum3
801 2680 1049 2743 miretur
1097 2679 1345 2743 fortasse
1395 2679 1532 2763 quis
1582 2683 1778 2742 aetate
1830 2682 1913 2742 25
1972 2701 2269 2744 annorum
2312 2680 2519 2746 IIviro

265 2813 527 2885 statuta,
596 2807 939 2892 praefecto,
990 2807 1098 2891 qui
1148 2807 1280 2870 eius
1330 2806 1458 2870 vice
1505 2806 1834 2889 fungatur,
1884 2811 2143 2870 aetatem
2194 2809 2279 2872 35
2332 2831 2522 2873 anno·

266 2957 406 3000 rum
478 2935 908 3020 praescriptam
981 2955 1129 2997 esse.
1223 2931 1555 2996 Momusns
1627 2953 1767 2994 vero
1838 2931 2213 3016 probabilem
2272 2956 2513 2999 causam

268 3061 588 3146 allegavit,
639 3059 844 3124 dicens
868 3058 958 3143 ⁵):
1008 3059 1138 3138 „Es
1187 3058 1270 3123 ist
1319 3057 1633 3143 deswegen
1682 3057 1988 3142 geschehn
2036 3058 2171 3122 weil
2204 3058 2310 3122 das
2343 3061 2519 3126 Man·

266 3188 694 3272 dirungsrecht
759 3186 864 3250 des
934 3185 1274 3250 Beambten
1322 3184 1936 3271 versassungsmaszig
1999 3184 2136 3248 weit
2200 3185 2343 3251 eher
2388 3188 2520 3254 sich

266 3315 686 3382 beschriinken
734 3313 918 3392 liesz‚
969 3313 1058 3377 als
1105 3313 1213 3378 das
1261 3313 1618 3378 Wahlrecht
1670 3313 1775 3377 der
1826 3312 2228 3378 Gemeinde.”

460 3442 689 3507 Romae
738 3441 1044 3527 praefecto
1093 3440 1230 3504 urbi
1279 3440 1487 3505 cadem
1536 3447 1697 3504 aetas
1744 3462 1868 3504 non
1918 3448 2044 3504 erat
2070 3446 2335 3519 statuta3
2372 3463 2521 3508 non·

266 3592 588 3654 nunquam
637 3591 706 3633 ea
753 3575 946 3633 aetate
994 3568 1116 3633 fuit
1163 3569 1386 3653 aliquis
1457 3568 1797 3654 praefectus
1848 3590 2002 3652 quae
2067 3590 2190 3633 non
2257 3576 2385 3633 erat
2434 3592 2521 3634 se·

269 3697 511 3764 natoria
535 3697 609 3782 ⁶).
657 3695 879 3781 Neque
925 3696 1057 3762 eius
1104 3696 1258 3761 ratio
1290 3694 1496 3760 haberi
1538 3696 1768 3781 poterit
1813 3696 1923 3780 qui
1963 3716 2087 3759 non
2130 3695 2210 3758 sit
2237 3694 2481 3761 decurio
2506 3746 2525 3775 ,

417 3957 452 4018 ¹)
523 3958 582 4007 In
617 3957 743 4006 libro
778 3957 830 4006 11
866 3957 928 4007 de
967 3957 1149 4022 Officiis
1185 3957 1304 4023 Cap.
1346 3956 1424 4007 17.

411 4043 452 4106 ²)
523 4043 715 4093 Cicnno
752 4058 880 4092 anuo
916 4043 1087 4092 aetatis
1121 4042 1186 4094 37
1225 4042 1548 4101 aedilitatem,
1586 4057 1711 4092 anno
1748 4042 1813 4091 40
1842 4045 2145 4106 praeturam,
2175 4058 2299 4092 anuo
2326 4044 2390 4092 43
2412 4058 2525 4092 con·

269 4129 485 4180 sulatum
509 4128 710 4191 adeptus
746 4133 838 4177 est.

409 4213 452 4276 ³)
522 4212 634 4261 Ltv.
671 4210 778 4261 Lib.
817 4211 900 4260 40.
937 4210 1055 4276 Cap.
1090 4213 1176 4261 44.

409 4296 453 4359 4)
525 4294 643 4345 Vide
677 4297 800 4360 leqis
831 4295 932 4347 Jul.
967 4313 1095 4346 mun.
1133 4297 1291 4360 Caput
1333 4297 1379 4345 6.

413 4381 454 4443 ὅ)
524 4381 584 4432 In
621 4381 807 4446 Opere:
843 4381 1140 4431 Stadtrechte
1175 4396 1224 4445 p.
1263 4381 1380 4429 418.

414 4463 454 4525 ⁶)
529 4464 646 4514 Vide
682 4477 940 4520 annun,
979 4466 1111 4514 Noet.
1153 4466 1254 4514 Au.
1294 4465 1382 4521 14,
1425 4465 1473 4513 8.
