3027 5263
1372 590 1502 650 183

316 780 663 865 opinionem
712 778 1069 864 reprobare;
1146 781 1295 845 mihi
1372 781 1532 844 enim
1582 781 1765 846 nimis
1815 805 2088 869 pugnare
2139 785 2373 849 videtur
2423 807 2559 850 cum

310 908 557 993 publica
606 882 993 994 obligationis
1025 915 1261 972 natura.
1314 907 1445 973 Hoc
1478 910 1641 972 enim
1679 910 1981 994 imprimis
2019 913 2330 998 proprium
2367 913 2555 978 fuisse

312 1036 593 1122 publicae
642 1037 1002 1122 obligationi
1051 1059 1282 1121 semper
1333 1038 1672 1100 communis
1709 1039 1915 1122 opinio
1949 1039 2098 1117 fuit,
2137 1040 2300 1126 quod
2335 1041 2561 1128 obliga-

310 1166 479 1228 tione
530 1166 844 1228 commissa
894 1164 1201 1228 exsecutio
1252 1162 1450 1228 locum
1502 1163 1786 1242 haberet,
1826 1164 2124 1250 nulloque
2172 1168 2437 1253 amplius
2468 1169 2560 1254 ju-

312 1295 465 1358 dicis
539 1293 877 1357 ministerio
951 1315 1105 1377 opus
1178 1300 1351 1356 esset.
1451 1293 1619 1374 Quid
1691 1299 1890 1356 autem
1965 1295 2298 1359 secundum
2351 1318 2559 1360 eorum

310 1421 658 1506 opinionem
733 1419 1100 1504 relinquitur
1170 1441 1245 1483 ex
1294 1441 1363 1483 eo
1417 1421 1581 1504 quod
1633 1419 1706 1484 de
1756 1424 2137 1488 exsecutione
2187 1446 2261 1488 ex
2311 1424 2555 1508 publica

313 1548 687 1632 obligatione
712 1547 875 1632 apud
908 1569 1115 1610 omnes
1158 1570 1389 1632 semper
1416 1547 1776 1612 constabat?
1824 1549 1994 1612 Num
2025 1549 2214 1613 cessio
2242 1550 2346 1614 illa
2369 1551 2559 1636 juria,

311 1699 468 1761 quae
519 1698 761 1760 prorsus
810 1667 983 1740 nullo
1035 1675 1213 1738 modo
1265 1683 1499 1760 spectat
1548 1676 1624 1739 ad
1675 1676 2044 1757 debitorem,
2099 1679 2407 1742 exsecutio
2455 1701 2559 1742 vo-

310 1806 434 1870 cari
507 1803 750 1890 potest?
824 1802 971 1866 Non
1043 1809 1276 1888 potest,
1350 1803 1590 1888 opinor.
1689 1803 2017 1869 Exsecutio
2068 1805 2309 1870 demum
2359 1805 2560 1870 locum

312 1933 534 2010 habet,
586 1955 722 1997 cum
774 1938 1010 2017 emptor
1060 1939 1267 1995 contra
1317 1930 1651 1996 debitorem
1703 1931 1794 1995 vel
1844 1933 2124 2018 praedem
2175 1935 2305 2019 agit
2320 1959 2340 2012 ,·
2378 1933 2558 1998 solito

312 2063 495 2126 modo
546 2061 707 2124 enim
758 2059 921 2146 apud
964 2059 1230 2144 judicem
1282 2058 1574 2143 praedum
1625 2082 1716 2124 res
1765 2061 2149 2145 persequitur
2185 2062 2244 2145 ¹).

502 2189 673 2252 Idem
750 2209 997 2273 prorsus
1044 2186 1431 2250 statuendum
1484 2186 1560 2250 de
1609 2186 1995 2272 praediorum
2045 2188 2392 2252 venditione
2444 2212 2562 2274 qua

312 2325 552 2381 tantum
624 2317 687 2380 id
761 2317 857 2401 agi
932 2321 1209 2378 statuunt
1276 2315 1582 2399 opinionis
1655 2314 1932 2380 laudatae
1997 2315 2294 2393 fautoreS,
2347 2323 2418 2380 ut
2458 2317 2561 2402 jus

312 2446 580 2531 pignoris
596 2493 611 2522 ,
687 2444 848 2529 quod
921 2442 1140 2507 habeat
1204 2442 1575 2527 respublica,
1653 2443 1994 2528 praediator
2043 2444 2316 2528 acquirat
2365 2466 2562 2529 neque

315 2595 454 2638 vero
504 2579 572 2636 ut
620 2572 844 2658 pignus
896 2593 1097 2656 reapse
1146 2566 1515 2634 distrahatur
1542 2571 1610 2655 2).
1713 2571 2030 2656 Denique,
2085 2580 2154 2636 ut
2205 2571 2385 2658 paulo
2419 2579 2559 2658 post

310 2700 659 2787 apparebit,
735 2706 970 2785 pugnat
1043 2721 1253 2762 eorum
1318 2699 1531 2782 opinio
1597 2721 1736 2762 cum
1779 2699 1950 2783 jure,
2001 2700 2164 2783 quod
2223 2706 2556 2786 emptorem

313 2830 551 2915 praedis
600 2828 895 2892 bonorum
947 2828 1007 2891 in
1060 2827 1166 2890 illa
1216 2827 1601 2912 acquisivisse
1653 2827 1953 2892 docemur.

499 2957 844 3022 Dnannnae
896 2955 1076 3019 aliam
1127 2956 1285 3019 viam
1319 2954 1664 3039 explicandi
1700 2956 1854 3018 iniit.
1907 2956 1998 3019 De
2025 2956 2315 3041 praedam
2351 2955 2558 3020 vendi-

304 3087 477 3150 tione
526 3085 805 3168 quidem,
859 3083 1161 3168 quomodo
1236 3083 1379 3160 fiat,
1432 3106 1558 3147 non
1622 3084 1933 3168 loquitur,
1986 3083 2366 3169 praediorum
2418 3106 2555 3148 vero

305 3214 759 3297 subsignatione
787 3213 931 3275 dum
953 3213 1050 3297 jus
1078 3212 1347 3297 pignoris
1374 3213 1438 3275 in
1470 3234 1540 3275 ea
1560 3212 1962 3276 constitutum
1982 3211 2327 3288 arbitratur,
2346 3234 2557 3277 eorum

306 3342 724 3406 venditionem
775 3340 1048 3426 pignoris
1099 3340 1554 3404 distractionem
1606 3340 1790 3404 fuisse
1839 3340 2051 3403 statuit
2078 3340 2148 3424 ³).
2223 3340 2375 3405 Ideo
2425 3340 2556 3404 eius

452 3668 489 3729 ¹)
559 3668 757 3716 Frustra
810 3665 899 3713 hoc
954 3680 1125 3728 negare
1180 3663 1369 3712 videtur
1422 3663 1493 3711 vir
1549 3663 1609 3713 cl.
1653 3676 1915 3711 counsm'r
1954 3663 2000 3710 in
2043 3663 2291 3711 Commeat.
2338 3663 2468 3714 laud.
2508 3679 2558 3727 p.
2655 3681 2661 3687 ·

310 3756 427 3803 562.
465 3753 543 3801 nbi
570 3752 761 3801 scribit:
800 3750 905 3809 „De
940 3753 1064 3798 stant
1100 3749 1268 3811 draagt
1304 3748 1424 3810 zijne
1459 3765 1552 3796 van
1580 3751 1755 3810 parate
1789 3750 1999 3797 executio
2032 3748 2272 3797 voorziene
2304 3750 2557 3811 vorderinq

308 3847 448 3905 tegen
502 3839 559 3887 de
612 3838 790 3899 borgen
844 3851 956 3883 over
1004 3850 1064 3899 op
1118 3835 1209 3883 den
1272 3834 1596 3899 praediator.'’
1650 3834 1846 3883 Promta
1885 3838 2044 3882 autem
2082 3833 2163 3880 illa
2200 3833 2442 3881 exsecutio
2479 3849 2554 3881 ar-

308 3925 520 3975 ctissimo
558 3923 779 3971 cohaeret
814 3936 921 3969 cum
942 3919 1134 3985 publica
1160 3918 1468 3981 obligationis
1500 3922 1702 3977 natura3
1742 3918 1932 3983 publica
1957 3923 2115 3967 autem
2147 3922 2330 3966 tantum
2353 3923 2424 3965 est
2449 3918 2530 3966 illa
2549 3955 2562 3975 ,

306 4011 419 4075 quia
458 4008 722 4073 respublica
760 4022 847 4071 pro
883 4006 1117 4054 creditore
1143 4008 1228 4053 est.
1266 4004 1316 4053 Si
1339 4020 1449 4052 vero
1474 4004 1679 4068 populus
1720 4003 1893 4053 desiuit
1929 4019 2028 4051 esse
2066 4004 2300 4061 creditor,
2340 4002 2555 4067 privatus·

306 4096 497 4161 quidem
536 4093 635 4142 eius
673 4094 830 4140 locum
867 4091 1071 4147 obtinet,
1113 4090 1336 4153 ideoque,
1362 4106 1437 4137 me
1454 4090 1644 4153 judice,
1666 4089 1894 4153 obligatio
1924 4089 2165 4153 publicam
2183 4088 2313 4136 illam
2337 4093 2555 4137 naturam

307 4182 503 4231 amittit.
574 4184 737 4241 Aeque
789 4177 1045 4225 tenendum
1100 4180 1171 4224 est
1225 4176 1377 4237 legem
1432 4176 1774 4224 Malacitanam
1814 4176 1947 4239 (Cap.
2003 4173 2555 4238 65)p1·aediatoriper-

306 4267 499 4317 mittere
553 4269 605 4313 ut
641 4264 700 4312 de
739 4264 879 4311 rebus
935 4262 1109 4327 emptis
1161 4265 1271 4323 agat
1329 4261 1453 4326 apud
1490 4277 1572 4309 eos
1610 4261 1689 4323 qui
1723 4260 1820 4324 juri
1859 4260 2065 4308 dicundo
2103 4262 2390 4324 praeerunt,
2431 4258 2554 4307 unde

307 4355 509 4417 apparet
544 4350 603 4398 ad
642 4349 990 4397 exsecutionem
1027 4363 1113 4395 suo
1152 4348 1309 4396 Marte
1347 4346 1699 4410 praediatorem
1737 4346 1993 4410 procedere
2031 4361 2123 4393 non
2162 4360 2314 4409 posse.

448 4436 488 4497 2)
560 4435 635 4485 Cf.
672 4446 946 4484 orrannum
982 4433 1028 4482 in
1068 4432 1260 4497 Opere:
1298 4432 1594 4496 Psandrecke
1630 4432 1685 4489 Ι,
1723 4448 1771 4495 p.
1809 4432 1891 4480 38.
1930 4434 2030 4481 not.
2067 4432 2148 4479 41.

449 4524 489 4585 ³)
564 4520 678 4570 Vide
714 4525 842 4571 auct.
879 4520 927 4568 in
967 4521 1149 4585 opere:
1189 4519 1486 4585 Psandrecht
1522 4519 1570 4577 1,
1612 4533 1658 4582 p.
1700 4518 1899 4567 36-38
1939 4517 1996 4565 cf.
2035 4532 2081 4583 p.
2117 4516 2199 4565 41.
