3027 5263
1313 611 1444 673 149

434 804 564 871 Hac
612 806 1032 871 intercessione
1083 807 1468 891 magistratus
1536 806 1602 871 in
1654 806 2005 895 municipiis
2054 808 2281 875 Flaviis
2328 834 2491 877 coer-

239 932 566 1012 cebantur,
631 936 716 998 ita
775 940 844 997 ut
893 956 1110 1020 magna
1154 940 1420 1020 potestas
1469 933 1548 1000 iis
1598 934 1833 1000 tributa
1880 957 2007 1003 non
2056 936 2231 1002 facile
2279 959 2493 1003 nocere

241 1068 448 1147 posset
497 1062 755 1127 civibuS.

326 1576 364 1653 ξ
405 1576 462 1639 6.
549 1577 634 1637 De
673 1573 912 1637 ratione
953 1590 1075 1652 qua
1112 1570 1517 1651 Magistratus
1548 1572 1862 1636 conveniri
1900 1578 2150 1655 possunt
2188 1576 2415 1639 honore

1228 1702 1520 1781 deposito.

433 1964 598 2029 Dum
647 1964 935 2028 honorem
983 1962 1272 2049 gerebant
1319 1963 1703 2049 magistratus
1750 1962 1981 2027 Romae
2018 1962 2192 2029 liberi
2228 1970 2396 2030 erant
2427 1965 2490 2031 in

241 2092 556 2179 republica
591 2092 1093 2170 administranda,
1145 2114 1396 2156 numero
1429 2096 1668 2155 tantum
1706 2098 1767 2155 et
1800 2091 2231 2157 intercessione
2265 2115 2495 2160 coerce-

238 2221 495 2300 bantur3
531 2221 697 2286 brevi
733 2228 931 2286 tamen
965 2227 1236 2306 tempore
1269 2220 1557 2283 honorem
1593 2218 1880 2305 gerebant
1912 2242 2105 2305 eoque
2128 2244 2491 2309 magnopere

237 2356 485 2414 cautum
537 2356 663 2414 erat
711 2372 785 2413 ne
833 2350 898 2413 iu
948 2348 1105 2412 cives
1153 2347 1547 2412 abuterentur
1596 2370 1705 2411 sua
1752 2354 2070 2433 potestate.

429 2478 672 2542 Etenim
747 2478 999 2541 florente
1077 2474 1388 2561 republica
1467 2476 1851 2561 magistratus
1926 2477 2155 2541 honore
2204 2476 2480 2563 deposito

239 2606 510 2670 accusari
575 2611 858 2692 poterant
927 2603 992 2668 in
1059 2604 1320 2668 comitiis
1362 2604 1403 2688 ¹)
1431 2628 1446 2679 ;
1524 2603 1588 2667 in
1654 2604 2005 2668 centuriatis
2058 2604 2287 2670 scilicet
2353 2627 2493 2670 cum

237 2734 456 2819 capitis
487 2733 571 2818 ²),
665 2734 730 2796 in
793 2732 1039 2798 tributis
1127 2754 1302 2806 vero,
1381 2754 1520 2795 cum
1596 2732 1887 2816 pecuniae
1955 2739 2377 2797 accusarentur
2419 2732 2488 2817 ³).

237 2862 416 2926 Cives
498 2862 596 2946 jus
672 2859 992 2925 accusandi
1081 2859 1422 2936 habebant3
1497 2881 1591 2923 res
1672 2860 1805 2944 ipsa
1871 2865 2072 2924 tamen
2139 2860 2315 2924 docet
2378 2883 2493 2944 ope

233 2990 704 3076 magistratuum
736 2996 1002 3070 tantum,
1039 2989 1146 3074 qui
1180 2989 1424 3053 comitia
1452 2991 1880 3066 convocarent,
1911 2988 2011 3072 jus
2036 2987 2189 3052 illud
2216 3011 2487 3054 exercere

234 3119 508 3205 potuisse
580 3118 768 3195 civeS,
835 3124 1014 3201 atque
1081 3116 1224 3180 inde
1288 3115 1508 3197 accidit
1574 3120 1643 3178 ut
1693 3114 2051 3200 plerumque
2098 3115 2483 3200 magistratus

237 3268 521 3310 accusare
601 3245 938 3322 videamus;
1021 3243 1084 3306 in
1169 3243 1435 3307 comitiis
1509 3243 1861 3307 centuriatis
1936 3248 2242 3328 praetores
2276 3245 2323 3328 4)
2401 3243 2501 3309 vel

235 3373 682 3458 quaestores⁵)‚
741 3373 804 3436 in
854 3371 1100 3434 tributis
1149 3375 1349 3434 autem
1401 3369 1630 3434 tribuni
1682 3369 1745 3433 id
1794 3369 1990 3434 facere
2041 3369 2317 3434 solebant
2338 3371 2406 3455 ⁶).

431 3499 664 3564 Notum
733 3505 824 3562 est
890 3498 1140 3562 comitia
1206 3497 1506 3583 paulatim
1580 3521 1687 3583 per
1736 3496 2177 3582 delegationem
2228 3505 2490 3582 potesta-

389 3671 420 3732 Ι)
494 3669 610 3718 Vide
646 3681 932 3727 pomerum,
973 3668 1079 3718 Lib.
1119 3668 1169 3717 6.
1205 3668 1324 3732 Cap.
1363 3668 1441 3717 15.

379 3755 416 3814 ²)
491 3755 606 3803 Vide
630 3766 946 3812 omanorum,
973 3753 1032 3802 de
1055 3753 1176 3816 Rep.
1202 3752 1306 3806 Lib.
1335 3755 1380 3802 2.
1410 3754 1523 3818 Cap.
1556 3752 1635 3802 36.
1664 3753 1723 3801 de
1744 3752 1944 3816 Leqibus
1974 3750 2075 3801 Lib.
2107 3751 2156 3802 3.
2182 3750 2284 3814 Cap
2304 3787 2316 3800 .
2344 3750 2423 3800 19.
2463 3751 2513 3800 cf

229 3853 498 3891 formium
548 3839 649 3889 Lib.
699 3839 744 3888 6.
789 3839 907 3904 Cap.
946 3840 1028 3888 14.
1069 3839 1138 3888 De
1173 3841 1282 3888 ortu
1319 3837 1626 3887 comitiorum
1653 3835 2004 3901 jurisdictionis
2043 3835 2246 3885 conferri
2283 3838 2500 3885 meretur

230 3939 568 3984 Lanounarss,
603 3925 766 3982 Εςεαὶ,
799 3941 846 3988 p.
887 3925 972 3983 85,
1013 3940 1115 3987 sqq.

380 4009 419 4071 3)
489 4009 606 4059 Vide
641 4023 861 4068 rivum,
903 4010 1008 4060 Lib.
1047 4010 1127 4058 26.
1165 4009 1284 4074 Cap.
1322 4010 1370 4059 3.
1408 4008 1513 4058 Lib.
1553 4009 1639 4057 43.
1676 4007 1795 4071 Cap.
1835 4007 1913 4057 16.
1951 4006 2024 4056 Cf.
2061 4018 2321 4056 Porrsrun
2360 4005 2493 4055 6.14.

227 4094 468 4159 Exempla
521 4095 966 4143 condemnationum
1003 4095 1274 4151 abundant3
1325 4094 1432 4142 vide
1469 4109 1516 4144 v.
1552 4109 1597 4156 g.
1636 4105 1817 4140 lenm
1839 4129 1853 4150 ,
1889 4091 1994 4142 Lib.
2034 4093 2079 4142 3.
2120 4091 2236 4156 Cap.
2273 4091 2353 4140 31.
2388 4089 2492 4141 Lib.

227 4186 281 4231 4.
318 4181 440 4244 Cap.
477 4182 558 4230 44.
593 4179 700 4231 Lib.
737 4183 781 4230 ὅ.
819 4180 933 4244 Cap.
975 4181 1124 4238 11,12
1161 4183 1207 4227 et
1245 4180 1328 4229 32.

375 4263 416 4326 4)
490 4265 606 4313 Vide
643 4277 851 4322 mum,
887 4265 993 4314 Lib.
1030 4265 1114 4314 38.
1150 4265 1267 4330 Cap.
1309 4264 1478 4322 58,60.

379 4351 418 4413 ⁵)
490 4350 609 4400 Vide
643 4363 848 4410 mrum,
889 4349 992 4399 Lib.
1031 4351 1078 4400 2.
1114 4349 1231 4414 Cap.
1268 4351 1364 4408 41;
1398 4349 1502 4400 Lib.
1532 4351 1580 4401 3.
1608 4349 1725 4416 Cap.
1756 4350 1837 4401 24.
1868 4349 1929 4400 cf.
1954 4361 2121 4398 nuno
2145 4349 2204 4398 de
2226 4347 2360 4412 Dinq.
2386 4345 2493 4396 Lat.

237 4437 375 4490 6.90.

381 4521 420 4584 6)
495 4521 611 4570 Vide
647 4533 852 4580 rivum,
892 4519 997 4572 Lib.
1036 4521 1080 4571 5.
1121 4519 1236 4587 Cap.
1274 4520 1356 4570 32.
