3027 5263
1325 552 1448 615 147

256 745 351 810 vel
403 751 776 831 quaestores;
843 749 1120 830 spectant
1183 743 1374 829 igitur
1441 745 1521 809 ad
1585 744 2073 813 intercessionem
2124 746 2505 834 magistratus

255 876 502 959 majoris
519 902 546 949 ;
611 873 859 958 reliquis
931 872 1164 957 Capitis
1225 872 1458 937 laudati
1523 874 1717 940 verbis
1764 876 1985 940 iterum
2030 878 2175 957 pari
2223 877 2510 963 potestati

251 1004 357 1087 jus
408 1001 820 1065 intercedendi
869 1000 1075 1078 datur,
1130 1024 1212 1065 sc.
1265 1000 1611 1079 „aedilibus
1638 1002 1796 1066 inter
1834 1026 1897 1067 se
1931 1002 2197 1088 itemque
2233 1010 2513 1089 quaesto-

854 1127 871 1157 '
982 1128 1226 1193 Aediles
1292 1129 1426 1214 jure
1497 1129 1915 1195 intercedendi
1992 1154 2113 1195 non
2188 1130 2514 1195 utebantur

257 1130 429 1194 ribus
517 1130 677 1193 inter
747 1128 851 1192 se.’

258 1257 328 1323 in
378 1264 720 1342 quaestores
735 1304 754 1334 ‚
808 1256 971 1322 unde
1019 1264 1266 1343 apparet
1315 1256 1535 1321 aediles
1584 1259 1808 1343 majore
1842 1263 2139 1342 potestate
2176 1280 2299 1323 non
2324 1259 2510 1323 fuisse

265 1408 449 1471 quam
499 1390 867 1469 quaestores,

450 1511 880 1577 Intercessioni
945 1511 1280 1576 secundum
1347 1512 1547 1599 legem
1612 1512 2042 1599 Salpensanam
2110 1536 2314 1577 ansam
2366 1514 2505 1579 dare

263 1646 465 1727 potest
515 1638 866 1725 appellatio·

453 1768 613 1832 Cave
665 1776 865 1832 tamen
914 1790 989 1831 ne
1037 1772 1283 1853 propter
1331 1768 1493 1831 vocis
1542 1767 2005 1833 similitudinem
2042 1768 2285 1833 eosdem
2334 1753 2505 1833 effec-

259 1905 368 1961 tus
418 1896 508 1959 illi
560 1894 786 1959 tribuas
836 1900 1016 1979 atque
1065 1894 1460 1981 appellationi
1523 1894 1635 1959 sub
1693 1895 2167 1981 Imperatoribus
2224 1896 2507 1961 usitatae.

262 2024 611 2089 Discrimen
677 2024 793 2087 hoc
843 2028 968 2087 est:
1038 2022 1372 2108 appellatio
1425 2024 1816 2109 magistratus
1868 2047 1901 2087 a
1951 2024 2251 2089 sententia
2292 2024 2515 2107 judicis

264 2174 452 2237 quem
502 2152 626 2237 ipse
679 2150 959 2231 dederat,
1029 2150 1321 2235 praetoris
1367 2151 1630 2215 Romani
1680 2174 1713 2214 a
1766 2152 2065 2215 sententia
2130 2152 2514 2237 magistratus

263 2280 694 2364 municipaliS,
749 2279 1014 2363 denique
1063 2278 1456 2363 Imperatoris
1507 2302 1543 2341 a
1592 2279 1893 2342 sententia
1944 2280 2235 2364 praetoris
2286 2302 2357 2343 eo
2392 2286 2520 2345 ten-

266 2408 454 2472 debat
504 2414 574 2471 ut
605 2407 908 2471 sententia
955 2407 1076 2469 lata
1126 2429 1159 2471 a
1189 2406 1553 2491 magistratu
1603 2406 1837 2471 minore
1874 2408 2307 2493 reformaretur
2350 2407 2423 2471 ab
2454 2430 2522 2471 eo

264 2536 377 2621 qui
453 2534 672 2619 majore
746 2540 900 2597 esset
971 2537 1271 2618 potestate
1315 2532 1378 2616 ¹).
1464 2532 1911 2619 Appellationis
1983 2540 2189 2598 contra
2259 2534 2323 2598 in
2390 2535 2521 2621 lege

263 2663 639 2749 Salpensana
687 2660 922 2726 civibus
969 2662 1296 2746 permissae
1345 2661 1470 2726 sive
1522 2663 1964 2746 provocationis
1998 2663 2045 2748 2)
2098 2663 2149 2727 is
2183 2668 2309 2727 erat
2342 2663 2515 2739 finis,

263 2789 838 2875 intercessionisque
887 2788 1277 2876 interpositae
1326 2787 1377 2851 is
1413 2795 1538 2852 erat
1572 2790 1817 2854 effeetus
1846 2796 1912 2853 ut
1938 2795 2107 2854 actus
2134 2790 2517 2874 magistratus

261 2921 430 3006 paris
475 2919 564 2984 vel
617 2917 864 2982 minoris
913 2917 1090 3004 plane
1139 2924 1589 2982 summoveretur
1623 2917 1690 3000 3).
1743 2917 1931 2982 Recte
1982 2918 2057 2982 de
2092 2919 2519 2984 intercessione

261 3069 394 3114 vos
443 3068 687 3112 KELLER
736 3049 818 3111 ita
866 3046 1102 3132 scripsit
1137 3046 1224 3130 4):
1292 3045 1434 3124 „Sie
1484 3045 1631 3110 fand
1684 3051 1832 3110 statt
1882 3045 1947 3109 in
1997 3045 2123 3109 rein
2174 3047 2512 3131 negativem

262 3176 444 3242 nicht
490 3174 1069 3240 reformatorischem
1119 3173 1382 3238 sondern
1433 3174 1919 3238 cassatorischem
1972 3173 2223 3238 Sinne.'’

461 3305 629 3368 Haec
679 3304 751 3366 de
807 3304 939 3387 ipso
984 3302 1120 3387 jure
1184 3302 1659 3367 intercesssionis
1719 3303 1970 3388 ejusque
2020 3303 2237 3368 effectu
2290 3301 2515 3368 suffici-

265 3439 413 3510 ant3
478 3432 772 3495 nonnulla
836 3430 1114 3494 addenda
1179 3431 1252 3494 de
1304 3439 1575 3516 tempore
1626 3429 2042 3495 intercessioni
2092 3438 2151 3495 et
2212 3431 2285 3496 de
2335 3431 2515 3495 modo

267 3560 664 3646 appellationi
728 3559 1116 3644 praescripto,
1231 3559 1744 3622 Intercedenclum
1834 3565 1924 3623 est
2008 3559 2171 3623 enim
2245 3581 2317 3622 ex
2388 3558 2520 3644 lege

267 3687 639 3773 Salpensana
687 3688 797 3765 „in
847 3686 1052 3750 triduo
1103 3686 1380 3771 proximo
1408 3709 1588 3770 quam
1642 3687 1970 3772 appellatio
2020 3687 2179 3750 faeta
2214 3687 2329 3750 erit
2354 3691 2519 3771 pote·

2416 3906 2443 3928 Ι

415 4055 450 4117 ¹)
521 4054 638 4104 Vide
676 4071 718 4106 v.
754 4067 976 4113 sennua,
1013 4056 1104 4105 das
1139 4055 1275 4107 Rb'm.
1319 4055 1509 4119 Civilpr.
1548 4072 1597 4120 p.
1634 4054 1761 4115 345,
1804 4055 1922 4108 346.
1958 4057 2008 4106 et
2040 4069 2164 4106 anm
2202 4055 2250 4104 in
2293 4056 2384 4121 Op.
2418 4057 2451 4106 l.
2478 4071 2525 4122 p.

269 4143 396 4199 960,
441 4141 558 4188 961.

409 4227 450 4288 ²)
525 4224 639 4273 Vide
676 4238 834 4274 ctcsu.
873 4225 932 4273 de
967 4227 1076 4289 Leq.
1115 4225 1171 4283 3,
1211 4227 1328 4292 Cap.
1365 4227 1412 4278 3.
1452 4227 1513 4277 cf.
1550 4242 1668 4291 quae
1706 4225 1947 4291 disputavi
1983 4225 2111 4276 Diss.
2151 4243 2199 4291 p.
2238 4225 2327 4284 74,
2368 4225 2453 4278 75.

406 4309 450 4372 3)
517 4310 588 4360 Cf.
626 4311 887 4360 clausulam
924 4310 1108 4376 Capitis
1145 4309 1207 4360 27
1245 4313 1362 4376 ἱερέα
1397 4313 1550 4374 δαῖμε
1600 4327 1691 4372 „ne
1729 4311 1835 4376 quis
1860 4312 2085 4361 adversus
2110 4326 2163 4360 ea
2196 4311 2336 4375 quid,
2377 4326 2525 4375 quum

266 4397 582 4445 intercessum
619 4395 711 4443 erit
749 4395 944 4444 facito.’'

401 4477 451 4538 4)
517 4479 574 4528 In
612 4480 790 4544 Opere:
833 4483 934 4530 Das
973 4481 1104 4532 Ram.
1145 4481 1340 4544 Civilpr.
1377 4498 1423 4546 p.
1465 4484 1584 4534 344.

2116 4575 2244 4638 10*
