3027 5263
1341 597 1470 660 187

274 797 611 876 emptorum
661 791 723 854 in
775 790 989 876 Capite
1043 795 1125 853 65
1164 791 1315 876 legis
1367 791 1516 854 Mal.
1557 799 2000 868 memorantur3
2041 815 2237 876 neque
2289 799 2529 870 tamen,

280 919 525 1004 opinor,
571 917 947 1003 emptoribus
999 917 1123 982 illis
1172 917 1347 982 licuit
1402 918 1768 983 solutionem
1805 919 1988 984 nimis
2037 919 2142 983 diu
2195 919 2432 983 differre
2465 920 2526 1002 ¹).

465 1045 759 1110 Praedem
825 1045 1023 1130 ipsum
1098 1067 1205 1108 sua
1255 1044 1415 1109 bona
1462 1053 1762 1110 ementem
1813 1047 1936 1111 fere
1987 1069 2220 1132 sempcr
2269 1045 2529 1131 pecunia

277 1173 580 1258 praesenti
646 1171 892 1236 solvisse
958 1180 1146 1256 puto,
1216 1194 1353 1236 cum
1424 1173 1810 1258 magistratus
1876 1174 1931 1238 ei
1997 1196 2119 1236 non
2171 1173 2349 1237 facile
2400 1195 2528 1258 per-

278 1300 515 1364 miserit
588 1309 657 1363 ut
726 1299 1088 1364 solutionem
1160 1301 1378 1364 iterum
1482 1301 1748 1366 differret
1763 1329 1781 1380 ς
1858 1301 2109 1366 fortasse
2186 1302 2338 1365 haec
2407 1323 2528 1365 una

276 1435 405 1492 erat
454 1451 527 1493 ex
576 1429 811 1506 causis,
863 1451 970 1493 cur
1028 1451 1197 1514 praes
1247 1429 1311 1493 in
1362 1429 1711 1496 venditione
1761 1429 2050 1494 bonorum
2106 1453 2356 1495 suorum
2407 1429 2527 1515 pri-

276 1557 497 1642 vilegio
549 1564 837 1620 uteretur.

464 1685 763 1750 Praedam
815 1685 1317 1772 praediorumque
1366 1687 1593 1772 emptio
1627 1687 1840 1773 procui
1875 1687 2060 1753 dubio
2090 1688 2350 1753 multum
2378 1688 2528 1753 lucri

189 1821 195 1826 ’
274 1821 651 1908 emptoribus
711 1821 1057 1908 praebebat.
1159 1825 1449 1888 Attamen
1520 1821 2120 1888 animadvertendum
2191 1824 2527 1889 secundum

270 1952 623 2037 opinionem
672 1974 857 2035 quam
921 1971 1303 2016 zIMMERMAN
1374 1959 1436 2016 et
1489 1973 1704 2017 arvina
1754 1953 1826 2017 de
1875 1951 2221 2031 venditione
2271 1975 2343 2016 ex
2392 1952 2521 2037 lege

280 2079 691 2165 praediatoria
740 2085 1028 2157 tuentur,
1080 2077 1320 2143 nullum
1379 2079 1613 2143 lucrum
1672 2084 2006 2164 emptorem
2057 2101 2128 2142 ex
2180 2078 2292 2142 hac
2325 2078 2531 2142 vendi-

272 2209 441 2271 tione
522 2207 827 2294 percipere
884 2208 1190 2292 potuisse,
1251 2230 1390 2271 nam
1448 2207 1748 2293 integram
1805 2230 2105 2272 summam
2167 2230 2202 2271 a
2259 2207 2526 2270 debitore

279 2335 605 2421 principali
679 2334 1047 2420 reipublicae
1124 2335 1391 2399 debitam
1464 2344 1771 2416 emptorem
1857 2337 2095 2399 aerario
2154 2334 2526 2420 rependisse,

277 2464 439 2527 idem
514 2484 755 2547 quoque
820 2462 1104 2548 praedem
1190 2462 1498 2527 venditum
1576 2463 1834 2547 emptori
1909 2463 2152 2527 solvisse
2226 2467 2522 2524 statuunt.

278 2598 689 2682 Quamobrem
740 2600 1126 2684 conjecerunt
1174 2606 1473 2685 emptores
1521 2600 1772 2665 fort-asse
1807 2609 1994 2665 certas
2024 2622 2233 2665 usuras
2261 2599 2522 2685 adjectas

276 2753 311 2793 a
362 2729 683 2815 praedibus
733 2730 972 2815 exigere
1023 2729 1288 2815 potuisse
1322 2730 1369 2814 ²)
1394 2756 1412 2807 3
1464 2753 1585 2815 qua
1635 2730 1709 2794 de
1757 2752 1819 2795 re
1871 2738 2072 2795 tamen
2123 2752 2198 2793 ex
2247 2729 2523 2793 fontibus

272 2856 440 2921 nihil
488 2864 735 2943 apparet
768 2857 835 2941 ³).

269 3086 551 3135 Malacitani
588 3084 843 3137 referatur.
883 3084 1062 3142 luatur,
1105 3084 1372 3135 solvatur.''
1441 3085 1650 3134 Verbum
1690 3084 1957 3145 „minfore”
1993 3087 2118 3150 quod
2157 3086 2382 3135 vitiosum
2421 3091 2522 3145 est,

270 3172 421 3219 variis
456 3169 611 3218 modis
649 3168 899 3216 emendare
936 3170 1091 3217 conati
1131 3173 1267 3217 sunt:
1311 3184 1583 3218 nsnunune
1603 3172 1651 3217 in
1679 3173 1849 3233 Opere:
1889 3172 2089 3233 Psandr.
2114 3171 2329 3234 legit„in
2357 3171 2522 3235 pobl.’'

267 3272 359 3321 pro
397 3256 476 3314 „in
517 3253 812 3318 publicum'’,
854 3253 929 3301 cui
967 3254 1183 3301 assentiri
1224 3254 1410 3302 videtur
1446 3268 1620 3303 mvn-:R
1665 3256 1711 3303 in
1755 3255 1838 3317 Op.
1875 3258 1908 3306 l.
1952 3271 1998 3319 p.
2037 3256 2150 3304 119.
2181 3256 2334 3320 Magis
2362 3260 2520 3304 tamen

267 3342 431 3405 placet
484 3339 757 3401 conjectura
814 3354 953 3401 quam
1002 3345 1357 3404 proposuerunt
1410 3354 1716 3389 Lanounun
1761 3342 1810 3389 in
1855 3340 2005 3403 Opere
2039 3343 2172 3391 laud.
2214 3358 2258 3405 p.
2299 3339 2380 3389 47.
2418 3346 2521 3389 not.

270 3427 335 3474 50
376 3430 424 3473 et
460 3437 651 3473 GrnAuo
688 3422 735 3470 in
779 3424 863 3485 Op.
918 3426 951 3471 l.
1006 3425 1085 3487 qui
1136 3424 1303 3488 legunt
1356 3424 1438 3483 „in
1494 3424 1649 3474 foro.''
1719 3425 1797 3473 Ita
1853 3426 1967 3474 mihi
2024 3441 2212 3489 quoque
2269 3425 2519 3489 legendum

264 3527 369 3560 esse
426 3510 633 3567 videtur,
689 3509 945 3557 dummodo
999 3510 1066 3559 ita
1120 3515 1353 3566 mutetur,
1410 3514 1465 3557 ut
1521 3511 1704 3573 legatur
1758 3512 1838 3569 „in
1893 3510 2098 3561 forum.''
2183 3510 2258 3559 Ita
2312 3511 2521 3573 conjecit

263 3596 686 3658 conjecturamque
740 3594 979 3643 adstruxit
1034 3595 1106 3643 vir
1161 3595 1221 3643 ci.
1259 3608 1520 3643 eounsuu·
1558 3596 1604 3643 in
1651 3596 1921 3659 Opuscuio:
1987 3597 2168 3660 E'eniqe
2191 3594 2520 3659 opmerkinyen

262 3696 378 3731 ooer
418 3680 690 3727 Romeinscla
725 3683 840 3742 reqt.
877 3679 917 3727 ’s
944 3680 1255 3742 Gravenhage
1295 3682 1423 3729 1865
1466 3698 1513 3747 p.
1553 3684 1596 3729 5.
1668 3680 1975 3744 significatur
2012 3682 2100 3729 hac
2133 3679 2357 3744 periodo,
2387 3680 2424 3727 si
2454 3680 2518 3727 ita

261 3768 482 3828 legatur,
520 3763 817 3825 magistratui
856 3779 1017 3812 curam
1055 3765 1269 3813 mandari
1308 3768 1360 3812 ut
1397 3766 1596 3828 pecunia
1634 3765 1824 3829 publica
1863 3766 1910 3813 iu
1959 3766 2196 3814 aerarium
2234 3766 2378 3829 (quod
2416 3772 2520 3815 erat

266 3854 321 3901 in
368 3852 491 3912 foro)
518 3850 827 3913 redigeretur.
882 3850 953 3898 De
990 3850 1227 3901 soiutione
1265 3850 1501 3913 „pecunia
1538 3850 1807 3914 praesenti'’
1845 3850 1934 3899 hoc
1970 3850 2077 3899 loco
2118 3851 2298 3899 moneri
2335 3850 2518 3916 impro-

261 3936 427 3986 babile
478 3935 684 3983 videtur.

408 4023 445 4079 1)
517 4021 593 4070 Ad
637 4021 759 4069 hanc
796 4020 1119 4083 quaestionem
1157 4020 1217 4069 cf.
1256 4020 1409 4069 virum
1446 4019 1505 4069 cl.
1545 4034 1803 4069 counsmr
1839 4021 1888 4069 in
1930 4021 2096 4071 Comm.
2133 4020 2264 4069 laud.
2305 4037 2351 4085 p.
2399 4021 2513 4071 565.

404 4107 442 4163 ²)
517 4106 633 4155 Vide
668 4118 979 4153 zmnsnmrs
1017 4106 1064 4153 in
1107 4104 1229 4156 Dies.
1268 4122 1313 4169 p.
1356 4106 1443 4163 51,
1484 4119 1659 4153 arvina
1694 4106 1741 4154 in
1786 4106 1868 4167 Op.
1905 4107 1936 4155 l.
1975 4123 2021 4170 p.
2063 4108 2175 4156 125.

409 4192 447 4252 ³)
520 4191 655 4240 ldem
712 4191 786 4238 vir
840 4191 899 4241 el.
954 4204 1212 4239 Gounsmr
1261 4192 1311 4240 in
1372 4193 1620 4241 Commeat.
1655 4193 1688 4241 l.
1727 4191 1891 4240 statuit
1927 4192 2034 4240 vide
2075 4208 2120 4257 p.
2161 4192 2286 4250 5⁰63
2326 4192 2514 4255 quaeri-

265 4283 351 4329 tur
407 4283 562 4326 tamen
620 4277 732 4341 quid
782 4276 909 4325 iucri.
940 4277 1213 4340 praediator
1266 4277 1333 4325 ita
1388 4292 1445 4325 ex
1492 4277 1735 4341 emptione
1781 4277 1883 4340 lege
1920 4278 2236 4341 praediatoria
2273 4278 2516 4342 percipere

262 4364 511 4431 potuerit:
569 4363 681 4411 inde
734 4378 920 4426 quoque
971 4378 1047 4410 me
1076 4361 1234 4425 judice
1290 4366 1518 4425 apparet,
1573 4362 1894 4411 venditionem
1930 4361 2032 4426 lege
2068 4362 2387 4427 praediatoria
2424 4362 2516 4411 hoc

260 4448 415 4500 modo
452 4453 579 4496 recte
617 4447 901 4513 explicatam
938 4463 1031 4496 non
1069 4462 1194 4505 essc;
1232 4447 1432 4510 cogitari
1466 4448 1595 4497 enim
1631 4448 1706 4495 vix
1747 4450 1930 4519 potest,
1970 4445 2102 4502 nulla
2139 4461 2223 4515 spe
2261 4446 2381 4496 lucri
2406 4446 2511 4496 alli-

262 4535 458 4592 ciente,
498 4533 777 4601 publicanos
816 4534 938 4582 bona
974 4534 1202 4601 praedam
1243 4534 1425 4588 emisse.
