3027 5263
1325 597 1406 659 97

234 816 302 858 se
351 792 427 858 ad
475 792 733 855 salutem
793 789 1155 874 reipublicae
1205 790 1493 854 honorem
1542 796 1813 875 gesturos
1864 796 1923 853 et
1971 791 2127 855 nihil
2172 814 2301 856 sese
2350 815 2487 857 con-

235 929 337 985 tra
383 921 580 1003 legem
634 918 924 982 facturos·
975 918 1042 981 Si
1092 918 1166 980 de
1215 925 1512 1001 potestate
1564 926 1625 981 et
1658 917 2496 1005 ministeriomagistratuum

239 1070 639 1133 quaen-afflue,
709 1047 912 1130 ipsum
979 1044 1402 1128 jusjurandum
1485 1044 1745 1107 multum
1801 1044 1980 1107 nobis
2034 1067 2158 1109 non
2216 1046 2495 1131 proficit,

145 1176 150 1181 ’
241 1181 509 1259 praestat
541 1173 848 1258 inquirere
897 1172 956 1234 in
993 1179 1312 1256 praecepta
1362 1172 1527 1235 hisce
1560 1171 1797 1257 legibus
1848 1172 2103 1256 singulis
2136 1173 2498 1258 magistrati·

243 1301 568 1365 bus-data:
620 1300 688 1363 in
737 1322 808 1362 eo
857 1305 1060 1362 autem
1115 1299 1263 1363 ordo
1297 1298 1631 1363 servandus
1683 1298 1788 1363 ille
1820 1298 2094 1379 videtur,
2147 1321 2330 1383 quem
2362 1299 2498 1384 ipsa

241 1430 546 1493 honorum
597 1427 893 1490 successio
944 1426 1193 1489 indicat.

441 1556 655 1638 Itaque
729 1555 1014 1637 deinceps
1063 1553 1138 1617 de
1203 1552 1420 1616 IIviris
1486 1558 1546 1617 et
1596 1552 1669 1617 de
1736 1552 2225 1617 extraordinariis
2281 1552 2501 1638 magis·

246 1682 514 1747 tratibus
563 1682 668 1766 qui
719 1704 924 1745 eorum
974 1682 1104 1745 loco
1157 1681 1500 1765 funguntur
1546 1704 1627 1747 sc.
1676 1682 1752 1747 de
1816 1680 2167 1766 praescotia,
2220 1679 2297 1744 de
2345 1679 2507 1745 aedi·

247 1810 459 1887 libus,
510 1808 1044 1906 quaestoribusque
1093 1808 1395 1892 agendum
1447 1807 1584 1871 erit.

1285 2112 1485 2121 ——--—-

1099 2416 1138 2491 ς
1177 2417 1223 2475 1.
1302 2415 1390 2475 ne
1426 2413 1664 2476 miris.

454 2699 752 2762 IIviratus
773 2747 790 2774 ‚
823 2699 918 2762 ussi
952 2697 1152 2762 obiter
1177 2700 1300 2784 jam
1337 2699 1587 2776 monui,
1627 2719 1899 2762 summus
1932 2704 2061 2762 erat
2096 2699 2285 2764 honor
2322 2703 2517 2765 muni·-

261 2825 517 2912 cipaliS‚
571 2826 735 2909 quod
789 2826 1085 2901 maxime,
1139 2833 1207 2888 ut
1257 2834 1450 2888 cetera
1499 2829 1771 2900 mittam,
1820 2835 2066 2911 apparet
2100 2850 2175 2890 ex
2216 2837 2515 2912 potestate

265 2975 424 3036 quae
495 2951 619 3014 illis
689 2951 1015 3015 tribuitur:
1085 2961 1374 3036 praesunt
1441 2953 1602 3015 enim
1672 2953 2121 3035 jurisdictioni3
2198 2977 2338 3016 cum
2397 2978 2517 3039 qua

261 3078 542 3162 iungitur
587 3079 690 3161 jus
744 3079 968 3142 multae
1025 3079 1317 3142 dicendae
1367 3086 1427 3142 et
1476 3079 1694 3141 tutoris
1742 3080 1906 3142 datio
1924 3105 1943 3156 3
2005 3079 2232 3143 habent
2273 3082 2377 3164 jus
2425 3104 2519 3145 co-

263 3205 580 3268 mitiorum
634 3212 693 3269 et
725 3217 966 3269 senatus
1001 3205 1407 3281 convocandi,
1458 3215 1779 3289 patronum
1834 3213 2150 3289 cooptant3
2198 3216 2420 3290 gerunt
2451 3209 2513 3272 in

262 3331 612 3416 republica,
666 3333 980 3416 vectigalia
1033 3331 1545 3424 ultroquetributa
1594 3331 1799 3396 locant·
1832 3339 1890 3393 et
1939 3332 2213 3397 ordinem
2261 3333 2515 3418 legunt,

266 3457 532 3542 denique
581 3459 656 3521 iis
705 3481 948 3542 quoque
993 3459 1133 3521 licet
1192 3465 1550 3542 potestatem
1602 3481 1769 3521 suam
1822 3459 2126 3522 mandare.

465 3585 638 3664 Quae
689 3606 823 3647 cum
877 3585 963 3646 ita
1015 3585 1169 3661 sint,
1221 3607 1459 3647 summo
1503 3585 1637 3668 jure
1690 3583 1849 3648 hisce
1898 3585 2096 3647 verbis
2154 3591 2519 3668 potestatem

270 3711 613 3776 IIvirorum
665 3711 1004 3775 describere
1057 3713 1292 3775 videtur
1325 3720 1504 3775 RiiHN
1540 3713 1614 3796 ¹):
1679 3712 1839 3789 „Die
1874 3711 2295 3776 bezeichneten
2334 3713 2519 3778 War-

275 3839 396 3902 den
447 3839 583 3901 sind
632 3839 921 3902 hiernach
974 3839 1109 3902 dem
1161 3839 1455 3903 Consulat
1503 3862 1610 3902 vor
1660 3838 2109 3923 Absonderung
2150 3839 2255 3903 der
2302 3841 2525 3906 Pr'atur

268 3965 402 4029 und
454 3965 686 4028 Censur
751 3988 824 4028 zu
893 3966 1330 4050 vergleichen.”
1429 3967 1593 4029 Dum
1647 3966 1804 4028 enim
1857 3972 2097 4049 praetor
2145 3967 2371 4031 Romae
2422 3969 2525 4052 jus

273 4091 466 4170 dicit,
516 4113 723 4156 censor
775 4114 914 4156 vero
979 4099 1256 4157 senatum
1321 4092 1507 4177 legit,
1578 4092 1999 4177 imprimisque
2048 4093 2101 4157 ei
2153 4115 2297 4158 cura
2345 4117 2523 4180 pecu-

283 4330 696 4344 *wa-—

421 4501 458 4562 ¹)
531 4501 588 4549 In
627 4501 809 4566 Opere:
854 4503 952 4552 Der
987 4503 1248 4553 Stddtische
1281 4505 1450 4562 δειναί,
1488 4519 1539 4567 p.
1578 4504 1690 4552 241.
