3027 5263
1353 575 1436 636 35

266 769 534 854 possim,
584 791 710 834 non
759 770 1156 834 mutationem
1205 773 1446 833 tantum
1515 769 1767 834 foederis
1832 769 2050 849 fuisse,
2103 774 2154 836 si
2196 774 2374 840 urbes
2416 798 2519 840 no·

269 901 426 960 strae
498 897 839 982 acceperint
912 897 1350 975 Latinitatem,
1402 897 1529 960 imo
1580 897 1695 962 hoc
1736 899 1873 982 jure
1938 921 2254 978 concesso,
2306 902 2373 966 in
2415 927 2514 968 eas

267 1023 628 1089 beneficium
677 1025 967 1089 collatum
1015 1024 1243 1102 fuisse,
1295 1025 1693 1090 fundamento
1736 1026 1962 1092 carebit
1994 1029 2257 1093 auctoris
2290 1052 2514 1095 asseve-

268 1152 459 1231 ratio,
534 1174 632 1216 eas
676 1152 1048 1232 Latinitate,
1126 1175 1307 1237 quam
1383 1153 1497 1217 toti
1548 1153 1885 1238 Hispaniae
1932 1175 2363 1221 vnsmsrarztm
2410 1158 2515 1222 tri·

264 1280 468 1345 buisse
514 1303 766 1347 Pmes
821 1283 1161 1367 scripserit,
1214 1304 1356 1346 usas
1404 1304 1529 1346 non
1578 1305 1739 1361 esse;
1804 1284 1967 1368 quod
2018 1283 2210 1369 igitur
2258 1286 2509 1370 probare

267 1408 550 1473 conabor.

455 1537 557 1602 Ad
621 1537 782 1600 hanc
831 1537 1248 1620 quaestionem
1307 1541 1469 1600 recte
1521 1537 1971 1621 dijudicandam
2018 1560 2257 1603 necesse
2305 1547 2393 1604 est
2440 1549 2511 1605 ut

253 1668 599 1742 statuatur,
633 1663 936 1748 quomodo
973 1663 1206 1728 differat
1239 1663 1450 1727 civitas
1469 1663 1623 1747 J'uris
1652 1663 1818 1728 Latii
1846 1687 1881 1728 a
1905 1664 2147 1730 civitate
2181 1665 2507 1746 foederata3

255 1791 353 1854 uti
429 1812 568 1854 vero
640 1789 714 1854 de
778 1790 893 1854 hoc
933 1790 1069 1875 jure
1117 1796 1275 1856 recte
1324 1796 1699 1870 statuamuS,
1751 1791 1915 1876 quod
1964 1799 2163 1856 tractu
2212 1795 2501 1880 temporis

253 1939 619 2003 magnopere
684 1921 987 1982 mutatum
1036 1925 1160 1996 est,
1215 1927 1286 1982 ut
1335 1918 1506 1982 illam
1565 1919 1693 2003 jam
1742 1918 1817 1983 ab
1868 1919 2099 2005 origine
2154 1929 2499 2007 repetamus

259 2051 324 2110 et
376 2046 452 2110 ad
503 2045 832 2110 Caesarum
879 2068 1072 2130 usque
1120 2051 1396 2130 tempora
1442 2047 1655 2132 paucis
1702 2069 2131 2132 persequamur
2180 2051 2501 2134 oportebit.

441 2173 662 2237 Primis
724 2172 1098 2258 temporibus
1165 2173 1440 2259 imperii,
1506 2172 1769 2237 Romani
1818 2197 2027 2238 omnes
2076 2176 2353 2240 homines
2412 2177 2501 2242 di-

253 2297 472 2364 cebant
535 2305 643 2364 aut
707 2301 866 2364 cives
923 2301 1232 2364 Romanos
1295 2306 1403 2364 aut
1450 2300 1836 2385 peregrinos,
1913 2301 2072 2365 inter
2120 2324 2271 2386 quos
2318 2304 2502 2368 etiam

251 2433 426 2492 erant
470 2427 679 2492 Latini
721 2428 787 2512 ¹).
864 2428 990 2508 Qui
1040 2433 1240 2492 autem
1293 2425 1651 2492 dicebantur
1702 2427 1954 2492 Latini?
2002 2429 2059 2492 Ii
2110 2430 2217 2513 qui
2250 2429 2500 2495 Latium

247 2555 637 2634 incolebant,
687 2555 995 2642 regionem
1046 2555 1212 2620 illam
1243 2556 1555 2620 Romanae
1604 2556 1827 2620 ditioni
1881 2556 2157 2621 vicinam.
2200 2557 2340 2622 Jam
2375 2559 2495 2645 pri-

247 2685 390 2749 dem
453 2684 670 2749 horum
735 2685 914 2749 urbes
963 2687 1048 2749 30
1117 2684 1329 2748 foedus
1395 2684 1658 2747 inierant
1708 2684 1877 2747 cuius
1928 2692 2109 2770 eaput
2160 2692 2284 2750 erat
2335 2685 2495 2751 Alba

245 2814 465 2899 Longa
478 2842 498 2893 3
566 2836 692 2877 non
741 2814 828 2877 ita
878 2820 1082 2877 tamen
1131 2812 1326 2876 multo
1373 2817 1517 2897 post
1566 2811 1760 2875 Roma
1809 2812 2080 2890 aemula,
2113 2819 2387 2878 metuens
2418 2838 2496 2878 ne

241 2942 607 3027 magnitudo
655 2941 910 3006 foederis
953 2940 1069 3004 sibi
1130 2940 1419 3003 damnosa
1466 2939 1671 3014 fieret,
1720 2938 1911 3003 Albae
1958 2939 2187 3004 bellum
2228 2942 2492 3022 indixit,

241 3068 414 3154 quod
477 3092 615 3134 vero
675 3070 798 3153 jam
870 3067 982 3131 sub
1041 3088 1180 3152 rege
1229 3086 1429 3129 'runnu
1479 3064 1948 3142 conficiebatur3
1998 3074 2205 3151 postea
2252 3068 2495 3153 saepius

241 3195 476 3261 bellum
541 3198 700 3261 inter
748 3218 848 3261 eos
897 3202 1169 3260 exortum
1223 3199 1344 3270 est,
1395 3193 1508 3257 sub
1557 3212 1906 3271 'rAanmo
1956 3192 2221 3279 denique
2270 3195 2495 3260 Romae

241 3325 660 3411 principatum
707 3324 956 3389 Latium
991 3344 1312 3409 agnoscere
1347 3322 1638 3398 debebat,
1670 3321 1985 3407 Romaque
2020 3329 2202 3408 caput
2234 3324 2493 3390 foederis

237 3446 543 3517 facta⁰est.
641 3452 790 3517 Post
837 3474 1010 3536 reges
1043 3458 1283 3514 exactos
1319 3473 1452 3513 cum
1488 3450 1684 3513 Roma
1732 3473 1767 3513 a
1813 3471 2131 3515 PORSENNA
2166 3453 2242 3516 ad
2275 3475 2493 3537 angus-

235 3580 356 3644 tias
404 3580 810 3665 redigeretur,
862 3579 974 3643 hac
1020 3578 1478 3665 opportunitate
1552 3578 1640 3640 usi
1692 3582 1837 3641 sunt
1884 3578 2124 3655 Latini,
2174 3585 2245 3643 ut
2302 3586 2493 3644 semet

235 3706 360 3791 ipsi
427 3705 502 3771 ab
577 3706 832 3792 imperio
884 3705 1161 3770 Romano
1225 3704 1573 3769 liberarent.
1672 3704 1903 3767 Iterum
1976 3704 2203 3768 bellum
2256 3728 2492 3771 movere

237 3842 572 3919 coeperunt
589 3858 607 3911 ;
677 3856 884 3919 pugna
949 3833 1111 3918 apud
1174 3833 1373 3897 lacum
1423 3831 1730 3916 Regillum
1781 3837 1981 3895 tamen
2034 3830 2183 3894 victi
2230 3831 2491 3899 libenter

234 3961 452 4026 foedus
501 3984 536 4025 a
582 3960 876 4026 Romanis
927 3960 1202 4026 oblatum
1250 3968 1632 4047 acceperunt.
1686 3961 1781 4024 Ex
1830 3961 1947 4025 hoc
1996 3967 2199 4026 autem
2248 3964 2486 4031 foedere

233 4089 514 4154 meliores
562 4090 824 4154 rationes
888 4090 984 4155 his
1034 4112 1212 4175 quam
1280 4091 1493 4154 ceteris
1560 4089 1743 4154 sociis
1804 4112 1940 4153 cum
1990 4090 2252 4155 Romani
2303 4094 2486 4157 inter·

381 4392 414 4452 ¹)
486 4392 670 4451 GAmS,
709 4394 830 4442 [πεί.
869 4394 890 4443 l
929 4395 950 4454 §
991 4392 1071 4451 79,
1109 4393 1170 4442 de
1205 4393 1497 4445 his.Latinis
1536 4394 1671 4443 dicit:
1714 4398 1795 4454 „et
1830 4398 1967 4445 erant
2003 4396 2358 4460 peregrinorum
2400 4412 2487 4444 nu·

232 4476 418 4527 mero.”

2112 4576 2200 4636 34(-
