3027 5263
565 633 606 672 θ
1339 623 1414 686 17

253 817 334 884 1⁰
379 815 720 900 municipes
767 814 952 900 hujus
999 815 1238 900 generis
1305 837 1430 879 non
1479 814 1667 880 fuisse
1728 815 1887 881 cives
1934 816 2243 883 Romanos
2282 819 2323 904 ¹)
2343 845 2363 898 3
2417 820 2495 884 2⁰

248 965 354 1009 eos
415 949 620 1008 tamen
684 963 824 1006 cum
885 941 1142 1006 Romam
1206 941 1507 1006 venissent
1556 941 1598 1006 i.
1634 964 1687 1006 e.
1756 963 1899 1008 cum
1960 943 2341 1010 domicilium
2403 945 2491 1012 ibi

247 1071 641 1138 collocassent
673 1070 759 1154 ²),
827 1068 1032 1134 omnia
1093 1091 1274 1134 onera
1337 1070 1465 1134 sive
1524 1091 1775 1134 munera
1837 1092 1960 1136 una
2008 1094 2147 1137 cum
2194 1072 2489 1140 Romanis

237 1185 418 1264 ⁴obire
467 1196 744 1264 debuisse
781 1195 824 1282 3)
844 1223 864 1276 3
918 1219 1020 1260 eos
1069 1201 1274 1260 tamen
1320 1218 1444 1260 non
1491 1203 1735 1262 tantum
1782 1221 1963 1263 onera
2021 1198 2228 1265 tulisse
2278 1223 2487 1268 vetum

245 1325 428 1390 etiam
467 1324 710 1410 juribus
760 1323 1002 1409 gavisos
1053 1345 1183 1388 esse
1231 1323 1444 1388 iisdem
1491 1346 1563 1388 ac
1587 1325 1899 1390 Romanos
1949 1325 2089 1412 (hoc
2118 1327 2284 1392 enim
2316 1330 2491 1414 sequi

245 1451 489 1517 videtur
537 1473 612 1514 ex
659 1471 848 1514 mum
895 1449 1128 1515 verbis:
1163 1449 1485 1535 participes
1517 1450 1765 1518 fuerunt
1794 1452 2045 1516 omnium
2075 1455 2297 1539 rerum)
2324 1477 2490 1540 prae·

242 1585 338 1644 tet
379 1579 484 1664 jus
535 1576 808 1660 suffragii
855 1581 918 1639 et
964 1575 1302 1653 honorum3
1355 1577 1436 1638 30
1481 1577 1747 1662 denique
1778 1599 1882 1642 eos
1931 1586 2069 1662 post
2107 1578 2343 1666 aliquot
2388 1604 2493 1648 an-

241 1727 356 1770 nos
405 1704 714 1770 civitatem
760 1702 1096 1766 Romanam
1147 1707 1502 1767 consecutos
1550 1702 1753 1768 fuisse.

431 1831 746 1896 Postrema
791 1829 940 1894 haec
987 1828 1171 1895 verba
1217 1852 1428 1894 ansam
1475 1829 1625 1894 dant
1672 1830 2013 1916 quaestioni
2061 1833 2137 1898 de
2183 1857 2305 1920 quo
2339 1842 2488 1904 tem·

241 1981 392 2046 pore
453 1977 686 2022 munus
748 1956 1056 2042 scripserit
1129 1963 1190 2020 et
1259 1956 1504 2042 quando
1569 1957 1729 2023 cives
1792 1958 1937 2026 facti
1983 1959 2109 2025 sint
2155 1959 2246 2028 illi
2292 1963 2489 2030 muni·

245 2085 430 2173 cipes.

384 2309 422 2373 ¹)
488 2307 550 2358 Id
595 2308 796 2360 totidem
846 2307 1002 2358 verbis
1050 2325 1078 2358 a
1115 2323 1280 2360 muno
1313 2309 1364 2360 in
1408 2309 1684 2361 definitione
1716 2309 1909 2362 laudata
1944 2309 2145 2373 dicitur,
2182 2311 2487 2379 quamohrem

242 2395 421 2446 mirum
452 2393 623 2459 procul
658 2394 804 2442 dubio
841 2393 996 2442 cuivis
1019 2393 1168 2444 videri
1195 2395 1336 2445 debet
1362 2397 1490 2460 quod
1515 2410 1696 2454 rursu,
1727 2397 1775 2446 in
1804 2398 2241 2457 commentatione,
2267 2400 2343 2450 cui
2369 2402 2487 2452 titu-

239 2481 343 2531 lus:
381 2481 508 2530 Dass
564 2481 850 2531 Verhc‘iltniss
894 2479 1036 2529 Rome
1077 2496 1136 2529 zu
1182 2481 1274 2530 den
1319 2483 1547 2546 besieqten
1604 2483 1867 2532 Italischen
1913 2485 2106 2534 Stddten
2152 2486 2256 2534 und
2294 2488 2490 2537 Vo’lkern

240 2567 310 2615 bis
354 2581 445 2616 zar
487 2565 566 2613 lea·
607 2566 742 2614 Julia
787 2565 852 2612 im
896 2565 1047 2614 Jakre
1092 2565 1156 2615 90
1193 2584 1234 2616 υ.
1287 2568 1422 2626 Chr„
1471 2583 1591 2630 quae
1632 2568 1811 2617 inserta
1857 2571 1931 2618 est
1974 2569 2171 2620 Diario:
2207 2570 2486 2639 Zeitschrtfl

237 2650 328 2705 fiir
359 2652 440 2701 die
472 2650 1116 2715 Alterthumswissenschaft,
1154 2652 1265 2700 anui
1307 2654 1463 2713 1845,
1500 2670 1549 2719 p.
1590 2654 1715 2713 206,
1756 2652 1872 2716 207)
1908 2654 2103 2705 scribit:
2157 2657 2285 2717 „Die
2319 2657 2489 2707 civitas

239 2735 345 2785 sine
380 2736 604 2799 suffragio
641 2736 853 2795 (illarum
887 2736 1078 2785 urbium
1112 2737 1294 2786 scilieet
1339 2753 1459 2803 quae
1508 2738 1557 2787 iu
1606 2738 1883 2787 definitione
1918 2745 2197 2805 occurrunt)
2233 2742 2297 2791 ist
2331 2742 2485 2791 durch

239 2820 319 2869 die
350 2820 544 2869 Wortez
582 2820 836 2885 participes
874 2821 1067 2870 fuerunt
1103 2821 1316 2871 omnium
1351 2837 1511 2871 rerum
1540 2822 1601 2870 ad
1639 2838 1811 2872 munus
1838 2824 2131 2888 fungendum
2166 2842 2274 2875 cum
2310 2825 2488 2876 Roma-

236 2906 313 2955 nis
349 2906 532 2955 civibus
568 2905 864 2970 hinlfinglich
898 2906 1196 2957 bezeichnet.
1263 2908 1386 2955 Dass
1421 2922 1473 2956 er
1509 2906 1725 2967 (Paulus)
1762 2909 1831 2957 sic
1861 2908 1995 2959 nicht
2024 2910 2095 2960 als
2119 2910 2245 2961 cives
2280 2912 2485 2963 Romani

235 2990 507 3039 anei-kannt
541 2990 602 3039 ist
637 2991 772 3039 nicht
806 2990 1060 3040 auffallend
1099 3006 1235 3038 wenu
1281 3006 1392 3039 man
1427 2990 1638 3039 bedenkt
1674 2991 1783 3039 dass
1817 2992 1893 3040 die
1934 2992 2101 3042 civitas
2122 2994 2226 3043 sine
2261 2996 2483 3061 suffragio

233 3091 296 3125 zu
333 3076 504 3123 Festus
538 3076 631 3124 zeit
665 3091 784 3138 ganz
821 3076 1072 3139 ausgehiirt
1106 3074 1290 3124 hatte.”
1325 3074 1530 3124 Causam
1564 3078 1724 3125 tamen
1760 3076 1973 3126 invenire
1996 3078 2113 3127 mihi
2136 3078 2246 3128 facil
2266 3094 2390 3131 enon
2411 3081 2483 3131 vi·

232 3158 378 3209 detur
425 3175 570 3224 quare
615 3160 826 3219 Paulus,
881 3161 921 3209 si
959 3160 1128 3210 civitas
1179 3160 1282 3209 siue
1336 3161 1563 3225 suffragio
1614 3160 1712 3210 illis
1764 3161 2085 3227 municipibus
2128 3165 2487 3230 competiisset,

232 3244 550 3294 nihilominus
583 3260 664 3293 eos
689 3260 787 3294 non
823 3244 970 3293 fuisse
1006 3245 1132 3295 cives
1166 3244 1386 3303 dixisset,
1427 3261 1535 3294 cum
1572 3260 1783 3311 semper,
1810 3246 1890 3311 qui
1922 3248 2029 3309 iure
2065 3249 2277 3315 suffragii
2313 3254 2362 3299 et
2395 3250 2481 3301 ho·

231 3344 411 3379 norum
462 3328 679 3378 destituti
731 3329 858 3386 sint,
912 3328 1080 3377 ceteris
1135 3332 1290 3377 tamen
1345 3328 1520 3378 civium
1559 3329 1748 3393 juribus
1804 3332 2059 3393 gaudeant,
2101 3334 2227 3383 cives
2262 3332 2487 3386 dicautur

233 3413 336 3465 vid.
371 3428 420 3463 v.
454 3429 502 3477 g.
536 3426 737 3462 mvnm.
774 3413 880 3463 Lib.
916 3414 1008 3476 38,
1045 3413 1164 3480 Cap.
1200 3414 1294 3471 36.
1329 3417 1378 3463 et
1413 3428 1460 3463 ‘r-
1498 3427 1545 3463 Ρ.
1570 3428 1851 3473 rutenus,
1887 3416 1939 3464 in
1961 3416 2307 3467 Dissertatione
2349 3418 2487 3469 Juri-

233 3496 342 3547 dica
389 3496 667 3563 Inaugurali
700 3498 797 3554 „de
835 3498 1150 3547 Romanorum
1177 3499 1460 3560 prudentia,
1499 3499 1550 3547 in
1574 3501 1767 3563 populis
1798 3501 1882 3549 sub
1928 3501 2173 3563 imperium
2206 3518 2343 3552 suum
2378 3504 2485 3554 sub·

216 3582 484 3647 junyendis
534 3582 816 3645 conspicua”
871 3582 1141 3648 Groningac
1189 3583 1380 3631 defensa
1435 3583 1598 3641 1834,
1650 3600 1699 3649 p.
1735 3585 1798 3633 91
1838 3586 1940 3636 not.
1984 3586 2035 3634 1.
2082 3586 2145 3636 cf.
2188 3585 2287 3652 ipse
2323 3602 2485 3638 emme

231 3667 285 3715 in
322 3667 508 3726 Comm.
551 3682 598 3729 p.
637 3664 764 3725 207,
802 3670 910 3720 not.

372 3748 542 3799 Omnis
575 3747 810 3799 dubitatio
847 3750 1047 3814 denique
1081 3750 1204 3799 solvi
1240 3750 1358 3801 mihi
1401 3750 1593 3801 videtur
1616 3752 1656 3799 si
1686 3751 1985 3801 attendamus
2020 3752 2081 3801 ad
2106 3768 2161 3801 ea
2196 3754 2339 3803 verba
2364 3771 2485 3819 quac

229 3848 424 3883 paunus
461 3834 521 3882 ad
556 3834 697 3883 finem
734 3834 947 3898 ejusdem
982 3835 1277 3885 definitionis
1311 3834 1473 3891 addit,
1494 3851 1561 3883 sc.
1591 3835 1735 3885 haec:
1772 3836 1885 3899 „qui
1911 3839 2021 3900 post
2042 3836 2225 3901 aliquot
2244 3853 2395 3887 annos
2415 3842 2482 3889 ci-

228 3932 316 3969 ves
351 3918 504 3967 effecti
547 3917 692 3968 sunt”
729 3918 812 3969 ubi
845 3921 927 3983 qui
963 3936 1058 3968 non
1097 3924 1233 3969 erant
1269 3920 1396 3969 cives
1411 3920 1519 3982 jure
1539 3919 1746 3970 civitatis
1782 3924 1947 3970 auctos
1972 3936 2073 3971 esse
2096 3922 2285 3983 scribit,
2313 3923 2485 3989 quibus

229 4004 336 4054 sine
373 4003 518 4053 dubio
556 4006 741 4069 spectat
783 4004 843 4053 ad
889 4003 1133 4053 civitatem
1181 4004 1287 4053 siue
1333 4006 1591 4069 suffragio,
1642 4020 1788 4069 quam
1836 4006 1959 4055 circa
1996 4006 2194 4058 bellum.
2234 3993 2483 4060 'Latinum

229 4087 471 4155 plerisque
509 4102 566 4137 ex
603 4086 701 4137 inis
745 4087 944 4137 urbibus
979 4101 1152 4138 mvrus
1201 4086 1364 4138 datam
1399 4104 1501 4138 esse
1536 4090 1763 4139 narravit.
1800 4090 1862 4139 ef.
1897 4103 2103 4151 mum,
2156 4091 2243 4141 Lib
2280 4094 2327 4143 8.
2364 4093 2484 4159 Cap.

232 4173 327 4231 14,
372 4171 455 4223 17.

371 4256 412 4319 2)
479 4256 552 4307 Cf.
589 4270 754 4305 mum
789 4257 840 4306 in
878 4257 1330 4323 Realencyclopedia
1364 4259 1446 4307 des
1485 4258 1773 4308 Classieohen
1814 4260 2106 4310 Alterthums
2138 4260 2189 4311 in
2224 4276 2344 4313 voce
2380 4280 2481 4313 mu-

225 4341 480 4403 nicipium,
517 4356 567 4404 p.
603 4342 702 4390 214
739 4342 790 4390 in
824 4342 933 4392 fine.
1003 4342 1176 4393 Perna
1210 4344 1260 4392 in
1301 4345 1551 4393 Gomment.
1588 4343 1621 4392 l.
1658 4359 1705 4408 p.
1744 4344 1859 4394 206.

371 4424 410 4487 3)
480 4425 532 4473 Si
567 4440 763 4489 quaeras
799 4442 919 4491 quac
956 4428 1134 4477 fuerint
1167 4428 1248 4477 illa
1271 4443 1491 4485 munera,
1536 4428 1801 4492 respondeo
1831 4429 1959 4479 inter
1995 4444 2051 4479 ee.
2074 4445 2247 4481 munus
2272 4430 2479 4481 militare

223 4509 537 4577 praecipuum
570 4510 716 4561 fuisse
752 4513 814 4562 cf.
849 4512 884 4563 l.
925 4514 986 4563 18
1023 4512 1085 4563 D.
1117 4512 1178 4562 de
1221 4514 1351 4564 Verb.
1385 4514 1513 4577 Siqn.
1554 4514 1660 4577 (50,
1705 4513 1803 4573 16).

2155 4613 2192 4671 2
