3027 5263
1354 575 1479 639 175

286 795 419 836 rum
485 772 848 858 reipublicae
890 773 951 856 ¹).
1050 772 1144 836 Ex
1208 772 1338 856 lege
1388 771 1755 836 Malacit-ana
1806 779 1965 837 certe
2015 795 2136 836 non
2185 772 2327 837 licet
2377 773 2530 838 eius-

286 900 447 964 modi
498 901 645 986 quid
696 900 975 986 colligere
992 927 1011 979 3
1065 922 1203 964 nam
1255 900 1560 963 exsecutio
1635 900 1785 986 legis
1839 898 2244 964 Malacitanae
2292 906 2532 964 tantum

283 1034 517 1113 spectat
566 1027 641 1092 ad
691 1027 846 1092 bona
906 1027 1231 1113 praedum,
1302 1026 1523 1113 placita
1573 1027 1678 1090 illa
1745 1050 1881 1092 vero
1932 1027 2084 1113 legis
2136 1026 2404 1093 Xviralis
2455 1028 2529 1093 ad

284 1157 737 1222 exsecutionem
787 1159 851 1221 in
901 1179 1239 1241 personam.

471 1289 755 1350 Attamen
804 1309 926 1349 non
975 1292 1126 1371 puto
1174 1286 1236 1349 in
1286 1284 1576 1370 praedum
1627 1284 1972 1348 venditione
2014 1283 2250 1370 exlege
2281 1284 2530 1349 Malaci-

278 1420 426 1478 tana
473 1413 701 1477 nullam
748 1415 993 1479 omnino
1044 1437 1267 1478 moram
1320 1413 1578 1477 debitori
1622 1435 1966 1477 concessam
1999 1412 2218 1492 fuisse,
2271 1413 2393 1477 imo
2429 1413 2529 1478 de·-

279 1543 726 1606 nuntiationcm
754 1542 961 1606 saltem
990 1541 1434 1606 exsecutionem
1465 1543 1853 1626 praecessisse
1882 1541 2174 1626 conjicere
2194 1539 2353 1618 licet,
2389 1563 2525 1605 cum

278 1669 345 1732 in
398 1669 591 1732 causis
640 1669 942 1734 similibus
992 1669 1263 1754 exempla
1307 1669 1485 1733 huius
1520 1669 1608 1733 rei
1643 1667 1860 1732 adsint.
1917 1667 2163 1732 Etenim
2209 1691 2399 1754 quum
2435 1669 2531 1733 via

278 1797 510 1861 tuenda
578 1796 889 1862 Iocabatur
937 1797 1280 1882 sumptibus
1330 1797 1459 1861 eius
1507 1771 1686 1881 quem
1747 1803 2099 1881 oportuerat
2149 1796 2340 1874 tueri,
2395 1798 2526 1882 qui-

282 1947 404 2010 que
452 1925 607 1989 illud
654 1926 848 1992 facere
900 1926 1277 2011 neglexerat,
1318 1925 1652 1989 secundum
1687 1924 1878 2007 legem
1923 1923 1960 1986 J
1971 1923 2157 1987 uliam
2195 1924 2531 2010 municipa-

280 2053 399 2117 lem
470 2053 652 2118 aedili
702 2053 925 2119 locatio
974 2054 1079 2118 illa
1146 2053 1361 2117 diebus
1412 2075 1534 2117 non
1589 2054 1787 2116 minus
1839 2053 1898 2115 X
1948 2059 2270 2136 antequam
2321 2053 2527 2133 fieret,

278 2181 574 2245 edicenda
623 2189 748 2246 erat
781 2183 850 2266 ²).
949 2183 1048 2246 Ita
1096 2203 1339 2267 qnoque
1389 2201 1616 2248 CICERO
1667 2181 2020 2260 locationiS‚
2074 2203 2228 2265 quae
2278 2183 2529 2268 sumpti—

278 2309 396 2373 bus
470 2310 685 2394 prioris
749 2309 1143 2394 redemptoris
1206 2310 1404 2386 fieret,
1474 2331 1656 2393 quam
1708 2309 1836 2393 ipse
1894 2309 2186 2395 praedum
2237 2311 2528 2374 venditio·

277 2459 419 2501 nem
494 2438 677 2516 dicit,
754 2437 908 2501 diem
984 2438 1379 2522 proscriptam
1454 2437 1640 2501 fuisse
1711 2437 1967 2502 tradidit
1993 2437 2077 2522 ³);
2155 2437 2416 2522 denique
2475 2439 2528 2502 si

275 2565 555 2630 attendas
607 2565 683 2629 ad
742 2567 1036 2630 rationem
1087 2565 1276 2630 debiti
1325 2573 1533 2653 postea
1581 2589 1616 2629 a
1665 2567 1806 2629 fisco
1855 2566 2175 2653 exigendi,
2226 2566 2528 2633 fiscalibus

274 2695 691 2772 debitoribuS,
773 2697 845 2759 ad
921 2695 1386 2780 comparandam
1435 2696 1790 2781 pecuniam,
1840 2694 2188 2760 dilationem
2224 2696 2527 2781 quandam

275 2822 619 2909 petentibus
668 2844 1013 2887 concessam
1063 2823 1245 2887 fuisse
1296 2823 1569 2889 videmus
1603 2824 1672 2894 4).

465 2951 696 3013 Summi
776 2950 1070 3013 momenti
1153 2957 1242 3014 est
1321 2952 1630 3035 quaestio,
1718 2950 1912 3034 qualis
1989 2950 2172 3015 fuerit
2254 2952 2528 3019 venditio

271 3079 379 3144 illa
445 3078 732 3163 praedam
799 3086 857 3141 et
921 3077 1349 3163 praediorum?
1446 3078 1677 3142 Omnia
1744 3101 1898 3163 quae
1948 3080 2023 3143 ad
2073 3080 2229 3144 hanc
2279 3103 2522 3167 causam

275 3216 554 3294 spectant
619 3213 861 3293 propter
915 3208 1171 3271 fontium
1222 3208 1580 3271 tenuitatem
1626 3206 1934 3293 explorare
1985 3231 2104 3272 non
2157 3208 2326 3287 licet3
2379 3211 2522 3297 legi-

272 3336 387 3401 bus
433 3336 653 3398 nostris
702 3358 841 3399 vcro
893 3335 1141 3420 repertis
1189 3336 1500 3421 propiores
1551 3335 1996 3420 quodammodo
2047 3336 2386 3401 accedimus
2447 3340 2522 3404 ad

274 3485 475 3528 veram
543 3463 722 3527 huius
797 3464 1159 3527 venditionis
1224 3471 1536 3527 naturam:
1635 3464 1760 3529 Lex
1827 3464 2192 3529 Malacitana
2241 3466 2519 3532 enimin

274 3591 488 3677 Capite
582 3595 667 3654 64
748 3592 836 3655 ita
903 3592 1150 3656 statuitt
1236 3593 1434 3671 „Eam
1500 3592 1690 3678 legem
1757 3592 1831 3656 iis
1902 3592 2242 3657 vendundis
2316 3594 2522 3661 dicant

270 3743 453 3807 quam
503 3719 697 3806 legem
747 3743 849 3785 eos
900 3721 1007 3806 qui
1058 3720 1283 3785 Romae
1333 3721 1560 3785 aerario
1611 3728 1932 3806 praeerunt
1983 3744 2013 3784 e
2061 3720 2196 3807 lege
2244 3724 2518 3809 praedia-

266 3849 423 3914 toria
472 3848 795 3935 praedibus
845 3849 1230 3935 praediisque
1283 3850 1621 3915 vendundis
1671 3850 1869 3915 dicere
1920 3856 2259 3935 oporteret,
2311 3859 2418 3917 aut
2463 3854 2518 3918 si

266 3977 402 4065 lege
453 3977 851 4064 praediatoria
900 3984 1232 4066 emptorem
1281 4002 1406 4043 non
1453 3979 1760 4059 inveniet,
1828 4002 2010 4064 quam
2059 3978 2255 4067 legem
2303 3980 2369 4045 in
2421 4004 2517 4049 va·

413 4257 445 4319 ¹)
520 4256 635 4304 Vide
672 4259 799 4305 auct.
838 4256 885 4303 in
924 4256 1107 4320 Opere:
1144 4258 1445 4307 Studet-echte
1480 4274 1526 4322 p.
1566 4256 1688 4316 472,
1719 4257 1835 4311 473.

404 4342 444 4403 2)
518 4342 633 4389 Vide
670 4342 788 4404 legis
826 4347 968 4406 caput
1006 4344 1034 4389 2
1073 4344 1195 4407 apud
1239 4357 1363 4392 zum,
1400 4346 1510 4394 Del.
1549 4345 1704 4395 Inscr.
1742 4362 1818 4394 nc.
1861 4346 2007 4395 1682.

402 4426 442 4489 ³)
514 4427 633 4475 Vide
674 4430 807 4479 Orat.
842 4432 1009 4478 contra
1057 4430 1254 4479 Verrem.
1294 4430 1338 4478 2.
1381 4431 1425 4478 1.
1464 4430 1584 4495 Cap.
1625 4433 1704 4479 54.

402 4511 442 4574 ⁶¹)
518 4512 632 4563 vide
667 4512 758 4580 leg.
797 4515 859 4563 45
900 4516 921 4575 §
962 4514 1024 4565 10
1063 4514 1119 4566 D.
1158 4515 1218 4566 de
1240 4516 1356 4579 jare
1373 4517 1490 4581 fisci
1523 4516 1731 4581 <49.14).
