3027 5263
1252 502 1378 563 135

374 686 564 751 Aliud
611 692 702 752 est
749 709 942 773 genus
993 709 1204 753 eorum
1251 690 1689 773 praefectorum
1746 694 1856 777 qui
1896 695 1995 778 jus
2044 695 2327 762 dicebant
2372 698 2441 763 in

165 814 332 879 vicis
381 820 441 879 et
490 814 830 900 oppiduliS,
907 836 1063 899 quae
1111 816 1458 902 municipiis
1518 818 1881 903 quibusdam
1929 821 2209 887 attributi
2260 800 2441 889 erant

163 963 382 1027 neque
431 942 549 1028 ipsi
595 940 1030 1027 rempublicam
1082 941 1386 1007 habebant
1400 972 1420 1022 3
1490 945 1607 1023 iis,
1660 968 1847 1030 quum
1896 970 1933 1012 a
1982 949 2435 1035 magistratibus

166 1069 660 1154 municipiorum
709 1070 1052 1154 acciperent
1099 1068 1430 1153 praefectos
1479 1069 1604 1134 iuri
1652 1071 1961 1153 dicund0,
1996 1096 2433 1161 nonnunquam

171 1216 434 1279 quoque
480 1216 704 1259 nomen
751 1193 1158 1278 praefecturae
1207 1195 1671 1280 impertiebatur
1709 1198 1777 1280 ¹).

377 1320 582 1385 Tertio
629 1320 766 1385 loco
811 1320 1102 1404 praefecti
1149 1322 1255 1404 qui
1303 1321 1378 1386 ab
1424 1322 1899 1407 Imperatoribus
1948 1324 2333 1411 eligebantur
2379 1326 2445 1391 in

175 1470 448 1512 censum
515 1446 806 1523 veniunt,
871 1446 946 1509 de
998 1445 1220 1529 quibus
1294 1453 1355 1510 et
1425 1447 1525 1511 lex
1598 1448 1968 1534 Salpensana
2018 1458 2445 1536 praetereaque

176 1573 423 1640 multae
472 1572 898 1656 inscriptiones
951 1571 1318 1635 mentionem
1365 1572 1621 1637 faciunt.
1658 1575 1707 1657 2)
1803 1575 1897 1639 De
1956 1582 2171 1660 quarto
2226 1599 2445 1662 genere

176 1723 262 1765 sc.
321 1700 400 1765 de
447 1698 764 1784 praefectis
827 1719 935 1781 pro
999 1698 1260 1777 IIviris,
1327 1700 1434 1783 qui
1501 1700 1647 1765 licet
1694 1701 1851 1765 inter
1898 1724 1959 1765 se
2008 1702 2229 1767 diversi
2279 1702 2439 1783 sint,

176 1832 398 1891 tamen
482 1847 608 1889 uno
679 1824 930 1887 nomine
995 1824 1426 1909 comprehendi
1473 1826 1750 1909 possint,
1802 1846 2005 1891 zuMPr
2060 1848 2183 1893 non
2234 1828 2441 1893 eadem

141 2030 146 2033 ¹
178 1952 513 2039 diligentia
561 1950 900 2036 disputasse
947 1949 1102 2014 mihi
1154 1950 1391 2017 videtur
1438 1974 1508 2017 ac
1542 1952 1616 2017 de
1643 1954 1859 2018 ceteris
1884 1954 2067 2019 huius
2094 1956 2441 2041 argumenti

184 2078 472 2165 partibus
505 2078 574 2162 ³).

379 2204 722 2271 Praefectos
768 2202 906 2267 illos
955 2204 1021 2267 in
1069 2226 1317 2289 genere,
1366 2203 1515 2268 lieet
1562 2223 1739 2271 xum<
1773 2206 2148 2271 contradicat
2174 2206 2254 2291 4),
2296 2207 2383 2271 ita
2407 2230 2443 2272 a

183 2334 410 2399 ceteris
457 2330 910 2415 magistratibus
951 2331 1000 2415 ⁵)
1055 2330 1354 2415 distingui
1387 2353 1561 2415 posse
1610 2339 1799 2417 puto,
1852 2307 2017 2417 quod
2067 2332 2249 2417 vulgo
2285 2334 2335 2419 ὓ)
2370 2333 2447 2399 ab

185 2460 312 2526 alio
362 2460 668 2543 superiore
704 2458 1120 2544 (Imperatore,
1158 2463 1471 2541 praetore,
1508 2458 1709 2522 IIviro
1740 2482 1851 2544 pro
1888 2481 2209 2525 causarum
2251 2460 2447 2526 diver·

186 2588 398 2672 sitate)
422 2636 442 2665 ‚
500 2586 565 2651 hi
611 2590 818 2650 contra
865 2586 932 2649 in
982 2585 1242 2650 comitiis
1293 2586 1478 2651 creati
1515 2585 1655 2651 sint.
1708 2587 1803 2652 De
1854 2586 1967 2652 hac
2002 2586 2443 2672 praefectorum

187 2714 486 2800 singulari
556 2719 811 2791 natura,
901 2734 1054 2796 quae
1117 2713 1246 2797 jam
1323 2736 1398 2778 ex
1469 2714 1603 2798 ipsa
1674 2715 1911 2779 ratione
1982 2713 2253 2778 mandati
2324 2736 2446 2798 quo

191 2841 652 2906 constituuntur
699 2839 1054 2925 explicanda
1101 2845 1230 2918 est,
1286 2862 1413 2904 non
1474 2844 1718 2904 tantum
1782 2840 1847 2902 in
1895 2839 2029 2924 lege
2077 2840 2449 2923 Salpensana

192 2969 426 3034 mentio
473 2973 600 3032 est:
649 2989 728 3032 ne
800 2966 998 3032 dicam
1057 2966 1223 3031 enim
1272 2967 1348 3030 de
1395 2965 1700 3030 similibus
1748 2965 2067 3052 praefectis
2114 2966 2279 3050 apud
2324 2967 2443 3030 Ro-

193 3117 440 3176 manoS,
492 3117 548 3160 v.
583 3118 642 3179 g.
695 3094 769 3158 de
817 3093 1120 3179 praefecto
1169 3091 1307 3158 urbi
1357 3094 1462 3178 qui
1511 3115 1547 3158 a
1612 3093 1964 3158 consulibus
2012 3092 2323 3158 creabatur
2359 3093 2439 3178 ⁷),

193 3244 346 3288 neve
393 3222 468 3287 de
515 3221 700 3286 variis
751 3219 1208 3306 magistratibus
1254 3220 1398 3304 qui,
1450 3241 1643 3305 quum
1700 3219 1776 3284 ab
1824 3219 2197 3304 Imperatore
2257 3223 2447 3285 creari

333 3543 373 3605 1)
444 3543 562 3592 Vide
597 3557 818 3592 srcunuu
851 3557 1088 3593 rnaccrm
1120 3545 1171 3592 in
1202 3545 1486 3592 Gromaticis
1533 3546 1680 3592 Veter.
1708 3544 1782 3592 ed.
1807 3557 2057 3592 monum
2081 3560 2127 3608 p.
2162 3543 2286 3601 1593
2314 3560 2449 3607 prac-

189 3631 322 3678 terea
359 3627 422 3678 cf.
453 3627 798 3692 Inscriptiones
834 3643 950 3691 quas
993 3627 1156 3676 laudat
1191 3641 1356 3677 zuur‘r
1393 3628 1444 3675 in
1484 3629 1653 3678 Comm.
1688 3628 1948 3690 Epiqrapk.
1988 3626 2043 3686 1,
2077 3643 2125 3690 p.
2165 3629 2245 3677 56.

330 3711 372 3774 ⁹)
445 3710 563 3758 Vide
598 3724 782 3760 onnam
818 3711 1045 3774 Inscript.
1083 3727 1160 3762 no.
1195 3710 1344 3762 3874.
1381 3709 1533 3762 3875.
1569 3709 1701 3763 8877
1740 3715 1985 3775 praeterea
2021 3711 2082 3761 οἱ.
2114 3723 2443 3760 suni-rmum

193 3797 242 3846 in
275 3798 378 3846 vita
419 3795 664 3844 Hadriani
698 3797 819 3862 Cap.
855 3797 937 3846 19.

330 3879 373 3942 ³)
443 3879 598 3928 Paulo
632 3883 745 3945 post
779 3881 836 3928 de
873 3881 974 3929 eius
1012 3880 1333 3945 disputatione
1369 3896 1510 3944 agere
1548 3881 1597 3929 in
1633 3879 1793 3929 animo
1828 3882 1922 3928 est.

331 3963 381 4027 4)
446 3963 507 4012 In
550 3964 632 4026 Op.
668 3964 701 4013 I.
737 3979 785 4028 p.
825 3962 942 4014 237.

332 4047 376 4111 5)
445 4048 801 4111 Nonnunquam
835 4065 887 4097 re
923 4065 1035 4098 vera
1071 4047 1299 4114 praefecti
1335 4063 1361 4098 e
1394 4049 1761 4113 magistratuum
1786 4063 1986 4096 numero
2012 4047 2316 4102 eximuntur;
2345 4044 2453 4094 vide

194 4146 383 4184 omnm
416 4133 643 4196 Inscn'pt.
680 4149 762 4182 no.
799 4133 948 4184 2263.

331 4217 374 4282 ⁶)
443 4217 566 4266 Sunt
599 4220 759 4266 tamen
794 4217 1126 4284 exceptiones3
1165 4219 1274 4268 vide
1309 4231 1494 4268 onum
1533 4218 1756 4280 Inscript.
1794 4233 1873 4266 nc.
1910 4215 2064 4268 3818.

337 4303 376 4364 ⁷)
445 4302 569 4352 Vide
603 4315 828 4353 norrun
863 4303 914 4352 in
949 4303 1128 4354 Annal.
1164 4303 1270 4354 Lib.
1307 4303 1355 4353 6.
1393 4303 1508 4368 Cap.
1552 4303 1632 4353 ll.
1684 4313 1983 4352 sun'romuu
2018 4300 2065 4348 in
2102 4298 2197 4346 vita
2239 4297 2453 4346 Caesaris

196 4387 310 4452 Cap.
351 4385 436 4438 76.
