3027 5263
1590 552 1715 611 120

505 744 752 835 'Capitis
791 752 875 812 59
921 749 1046 833 jam
1095 744 1562 832 praestiterunt,
1619 741 1850 820 scilicet
1898 740 2151 805 simulac
2203 741 2490 826 majorem
2540 746 2777 826 partem

515 877 750 942 numeri
801 876 1102 939 curiarum
1153 874 1563 938 confecerunt.

704 1005 932 1068 Romae
981 1025 1256 1088 quoque,
1307 999 1583 1085 quamvis
1632 1020 1754 1061 non
1790 991 1967 1083 saepe
2016 1002 2417 1077 memoratur,
2467 997 2775 1061 eiusmodi

517 1132 999 1217 jurisjurandum
1049 1136 1176 1194 erat
1225 1127 1659 1214 praestandum
1704 1126 1767 1209 ¹).

709 1258 1113 1343 Jurejuraudo
1181 1262 1453 1340 accepto,
1534 1253 1697 1318 IIvir
1764 1274 1901 1316 eum
1952 1252 2055 1336 qui
2106 1252 2438 1336 expleverit
2489 1253 2776 1336 majorem

521 1393 752 1473 partem
801 1386 970 1451 illam
1021 1385 1324 1449 curiarum
1377 1382 1796 1467 magistratum
1846 1380 2153 1443 renuntiat
2203 1386 2501 1463 creatque.
2603 1380 2774 1443 Num

523 1536 730 1579 omnes
792 1514 980 1599 igitur
1045 1513 1153 1597 qui
1217 1511 1501 1595 suffragia
1548 1509 1825 1595 legitima
1884 1508 2274 1572 confecerunt
2324 1513 2607 1571 creantur
2660 1530 2776 1571 ma-

521 1642 852 1728 gistratus?
949 1641 1091 1725 Ipsa
1141 1640 1320 1704 verba
1369 1639 1519 1723 legis
1570 1636 1972 1721 respondent,
2026 1636 2174 1699 haec
2232 1636 2392 1699 enim
2441 1636 2510 1699 in
2558 1636 2775 1721 Capite

532 1770 614 1834 57
669 1770 816 1855 legis
863 1767 1265 1833 Malacitanae
1313 1766 1632 1851 leguntur:
1687 1770 1792 1843 „et
1842 1764 1934 1827 uti
1968 1764 2227 1848 quisque
2260 1765 2441 1845 prior
2490 1764 2775 1847 majorem

529 1904 759 1982 partem
825 1896 1063 1960 numeri
1128 1895 1432 1959 curiarum
1499 1892 1861 1969 confecerit,
1927 1914 2067 1955 eum
2140 1914 2279 1956 cum
2344 1892 2459 1955 hac
2508 1892 2646 1978 lege
2687 1893 2776 1977 ju-

529 2025 748 2088 raverit
797 2024 1138 2107 caveritque
1189 2022 1262 2085 de
1328 2021 1590 2105 pecunia
1638 2021 1947 2083 communi
1980 2020 2059 2105 ²),
2111 2020 2335 2085 factum
2384 2028 2775 2105 creatumque

529 2136 876 2216 renuntiato
943 2152 1134 2216 donec
1199 2156 1291 2213 tot
1339 2149 1729 2235 magistratus
1800 2148 1955 2226 sint,
2008 2153 2158 2231 quot
2222 2148 2335 2211 hac
2399 2147 2533 2233 lege
2595 2149 2775 2213 creari

533 2279 896 2366 oportebit.”
993 2279 1231 2343 Diserte
1295 2276 1517 2340 dicitur
1582 2277 1697 2339 hoc
1757 2275 1891 2339 loco
1954 2274 2290 2339 renuntiari
2366 2276 2628 2359 aliquia,
2704 2277 2777 2339 si-

531 2409 722 2471 mulac
769 2427 1090 2469 numerum
1136 2404 1483 2489 legitimum
1534 2403 1835 2466 curiarum
1886 2402 2247 2487 expleverit3
2300 2404 2462 2469 unde
2504 2405 2777 2489 sequitur

531 2538 756 2597 ceteras
819 2532 1012 2595 curias
1077 2554 1230 2615 quae
1295 2530 1550 2595 eundem
1602 2530 1893 2613 elegerint
1946 2530 2013 2592 in
2064 2552 2313 2594 censum
2362 2553 2489 2595 non
2538 2532 2771 2608 venire3

528 2661 737 2744 itaque
785 2659 1024 2744 saepius
1074 2657 1316 2722 ult-imas
1365 2681 1444 2722 ne
1493 2657 1770 2722 recitatas
1822 2657 2068 2740 quidem
2116 2679 2245 2721 esse
2297 2664 2467 2744 puto.

718 2785 1188 2871 Agnoscendum
1239 2807 1382 2849 sane
1431 2785 1669 2850 videtur
1704 2785 1748 2868 3)
1800 2784 2251 2869 quodammodo
2302 2785 2537 2850 differre
2601 2787 2777 2873 placi-

534 2919 668 2976 tum
716 2912 869 2998 legis
935 2911 1340 2976 Malacitanae
1381 2935 1416 2976 a
1464 2911 1699 2975 ratione
1749 2912 2095 2989 communi,
2147 2934 2337 2996 quum
2384 2914 2586 2998 plures
2638 2919 2775 2978 sunt

533 3041 816 3126 majorem
849 3062 1168 3104 numerum
1206 3039 1629 3124 suffragiorum
1666 3040 1972 3102 consecuti
2016 3061 2199 3122 quam
2232 3041 2627 3125 magistratus
2663 3063 2775 3106 cre·

530 3168 709 3245 andi,
760 3167 835 3231 ab
884 3190 954 3231 eo
1022 3189 1266 3252 quoque
1334 3168 1498 3252 quod
1574 3167 1803 3230 Romae
1870 3167 1937 3229 in
1986 3167 2100 3230 hac
2163 3190 2345 3232 causa
2384 3168 2543 3252 juris
2595 3169 2775 3234 fuisse

531 3293 862 3357 verisimile
911 3299 1001 3356 est
1014 3319 1034 3370 3
1086 3294 1173 3358 ibi
1223 3295 1384 3358 enim
1433 3294 1646 3358 nullae
1713 3294 1959 3358 omnino
2022 3293 2219 3358 tribus
2276 3295 2772 3382 negligeba-ntur3

532 3401 695 3506 quoii
745 3420 798 3484 si
865 3426 1064 3484 tamen
1129 3419 1404 3485 Malacae
1472 3423 1743 3486 evenisse
1791 3428 2136 3500 teneamus„
2190 3422 2781 3511 facile-intelligitur

513 3561 718 3632 ‘quare
768 3548 877 3632 qui
913 3549 1096 3628 prior
1145 3548 1428 3632 majorem
1480 3556 1715 3634 partem
1766 3549 2069 3612 curiarum
2120 3549 2505 3628 confecisset,
2560 3575 2779 3617 creare-

525 3683 654 3754 tur,·
719 3699 860 3742 nam
911 3677 1030 3741 alia
1078 3678 1234 3742 forte
1284 3701 1494 3742 norma
1562 3678 1881 3742 creationis
1948 3701 2073 3743 non
2121 3686 2431 3765 supererat
2478 3681 2532 3744 si
2578 3682 2777 3767 plures

533 3803 870 3889 legitimum
919 3828 1241 3870 numerum
1291 3812 1489 3870 essent
1539 3807 1871 3870 consecuti.
1971 3807 2038 3870 Si
2086 3807 2208 3872 duo
2256 3808 2535 3893 pluresve
2584 3809 2779 3875 candi·

675 4031 708 4089 1)
780 4032 902 4080 Vide
939 4045 1184 4093 Pur-uuir,
1223 4035 1453 4100 Paneqyr.
1491 4035 1607 4099 Cap.
1648 4036 1711 4083 64
1749 4036 1809 4084 ef.
1848 4039 1973 4084 οδω,
2008 4036 2057 4084 in
2102 4039 2347 4086 Comment.
2382 4038 2515 4087 laud.
2542 4054 2591 4102 p.
2620 4039 2730 4086 523.

673 4115 712 4176 2)
785 4115 954 4164 Obiter
989 4116 1373 4168 animadvertere
1411 4119 1519 4168 volo
1544 4120 1842 4184 negligenter
1877 4121 1967 4168 hoe
1992 4119 2103 4168 loco
2128 4123 2361 4170 statutum
2386 4137 2489 4170 esse
2516 4124 2779 4172 cautionem

529 4202 590 4250 de
629 4201 830 4265 pecunia
867 4202 1106 4250 communi
1141 4204 1269 4252 omni
1305 4203 1563 4252 candidato
1598 4221 1698 4253 esse
1736 4205 2110 4269 praestandum,
2147 4221 2257 4254 eum
2287 4221 2344 4253 ex
2376 4205 2545 4270 Capite
2580 4207 2646 4256 60
2680 4222 2781 4272 per·

526 4286 746 4350 spicuum
781 4286 866 4334 fiat
903 4290 1093 4337 tantum
1129 4287 1271 4336 abiis
1308 4289 1390 4352 qui
1425 4289 1689 4338 IIviratum
1728 4295 1776 4338 et
1800 4294 2107 4353 quaesturam
2132 4294 2299 4354 petant
2322 4291 2414 4340 hoc
2438 4290 2580 4340 modo
2616 4293 2784 4343 caveri.

669 4369 708 4433 3)
781 4369 899 4419 Vide
935 4384 1238 4421 Laeonum
1274 4373 1323 4422 in
1363 4374 1546 4438 Opere:
1586 4376 1653 4423 les
1694 4375 1855 4424 Tables
1890 4391 1939 4438 p.
1977 4375 2041 4423 43
2081 4379 2171 4424 not
2208 4375 2287 4426 26.
2327 4373 2407 4439 qui
2433 4391 2487 4424 eo
2512 4391 2783 4442 progressus

527 4459 600 4505 cst
637 4458 688 4504 ut
726 4455 783 4505 de
819 4457 908 4505 hac
945 4473 1085 4507 causa
1119 4460 1452 4524 praedicaret:
1492 4461 1602 4519 „On
1642 4461 1798 4510 arrive
1836 4461 1954 4510 ainsi
1994 4460 2021 4508 a
2056 4477 2119 4510 un
2160 4459 2361 4511 resultat
2396 4460 2717 4526 impossible.”
