3027 5263
1534 527 1664 590 230

467 717 604 800 jure
670 718 943 782 Romano
994 741 1235 804 quoque
1285 718 1720 802 prohibeantur
1767 718 2094 802 quominus
2125 720 2392 784 actiones
2439 719 2574 784 illas
2633 720 2732 784 in-

476 845 768 922 stituant,
819 869 919 910 eos
966 869 1047 910 sc.
1100 847 1207 930 qui
1256 852 1672 931 procuratores
1723 869 1850 910 esse
1899 869 2022 910 non
2071 847 2312 932 possint
2353 849 2413 930 ¹).

662 970 829 1050 Quid
878 979 1077 1035 autem
1128 973 1361 1036 actione
1410 973 1691 1057 populari
1741 971 2060 1057 petebatur
2094 973 2208 1036 hac
2255 973 2425 1057 lege?
2477 974 2730 1038 Differe-

473 1096 578 1160 bat
626 1096 774 1160 illud
826 1121 934 1183 pro
985 1100 1161 1163 variis
1212 1100 1437 1162 causiS.
1532 1100 1689 1164 'Pum
1740 1108 1866 1163 erat
1911 1108 2072 1163 certa
2103 1101 2398 1185 pecuniae
2446 1123 2728 1179 summa,

477 1245 629 1307 quae
678 1225 1055 1309 magistratui
1103 1225 1385 1289 solvenda
1436 1233 1589 1302 erat,
1629 1227 1720 1289 uti
1757 1227 1820 1289 in
1872 1225 2088 1310 Capite
2132 1230 2217 1289 26
2269 1227 2423 1312 legis
2459 1226 2624 1312 Salp.
2665 1236 2731 1290 et

475 1350 541 1412 in
594 1350 741 1435 Cap.
798 1355 881 1414 58
933 1359 994 1414 et
1047 1354 1127 1414 61
1199 1351 1349 1434 legis
1400 1352 1546 1414 Mal.
1571 1377 1589 1429 3
1639 1360 1772 1414 tum
1821 1374 1960 1414 vero
2010 1352 2270 1438 „quanti
2314 1375 2384 1415 ea
2431 1375 2524 1416 res
2573 1352 2732 1416 erit”

478 1477 571 1540 vel
619 1479 879 1562 „quanti
928 1501 998 1542 66
1044 1501 1137 1542 res
1186 1480 1299 1542 erit
1350 1485 1410 1542 et
1458 1479 1713 1543 alterum
1764 1480 2082 1556 tantum,”
2133 1480 2298 1564 quod
2335 1479 2562 1544 habeut
2614 1481 2732 1544 Ca-

480 1606 609 1691 pita
662 1609 744 1670 62
799 1615 859 1668 et
910 1607 1017 1670 67.
1070 1607 1220 1690 legis
1268 1605 1418 1669 Mal.

666 1735 843 1798 Licet
870 1735 1014 1798 haec
1038 1733 1295 1797 formula
1345 1733 1609 1818 „quanti
1635 1755 1706 1796 66
1743 1755 1832 1797 res
1865 1733 1991 1797 est''
2025 1733 2225 1818 plures
2255 1733 2736 1818 significationes

477 1859 641 1944 apud
692 1868 921 1924 veteres
948 1859 1165 1924 habeat
1196 1859 1244 1943 2)
1265 1909 1283 1938 ,
1334 1860 1728 1944 perspicuum
1756 1868 1956 1922 tamen
1988 1861 2257 1936 videtur,
2290 1860 2440 1944 quid
2468 1884 2534 1923 ea
2562 1861 2736 1924 hisce

479 1985 629 2050 locis
676 1987 1001 2051 indicatur.
1102 1987 1230 2068 Qui
1280 1987 1480 2063 enim,
1527 1987 1688 2070 legis·
1718 1986 2041 2051 interdicto
2083 1987 2395 2071 neglectO,
2448 1987 2728 2052 Malacae

484 2114 736 2177 domum
787 2115 1077 2178 detexerit
1127 2114 1218 2177 vel
1270 2113 1671 2192 destruxerit,
1725 2115 1940 2198 quanti
1989 2113 2367 2198 municipum
2417 2114 2739 2178 interesset

486 2242 829 2306 aedificium
902 2241 1205 2305 detectum
1284 2240 1655 2305 destructum
1713 2263 1832 2304 non
1886 2241 2072 2304 fuisse
2123 2241 2534 2326 municipibus
2592 2241 2732 2306 dare

485 2368 737 2432 damnas
788 2376 933 2432 erat.

671 2496 865 2574 Item,
949 2518 1141 2580 quum
1222 2495 1481 2558 rationes
1548 2501 1692 2558 sunt
1754 2495 2097 2559 reddendae
2169 2493 2244 2557 ab
2303 2493 2380 2557 iis
2439 2495 2547 2577 qui
2603 2516 2732 2559 mu·

487 2646 601 2686 nus
633 2621 945 2708 publicum
982 2629 1330 2708 gesserunt,
1365 2623 1487 2685 sive
1524 2622 1784 2708 pecunia
1817 2623 1878 2685 in
1916 2621 2232 2707 publicum
2266 2621 2579 2685 referenda
2613 2629 2730 2698 est,

487 2751 539 2812 is
589 2751 697 2833 qui
748 2749 1072 2833 quominus
1120 2750 1267 2813 haec
1316 2750 1529 2812 fierent
1561 2749 1969 2833 prohibuerit,
2023 2750 2285 2832 „quanti
2317 2772 2388 2811 66
2421 2772 2512 2811 res
2548 2756 2640 2812 est
2675 2757 2734 2812 et

490 2876 744 2941 alterum
808 2874 1084 2939 tantum’'
1150 2876 1192 2938 i.
1230 2898 1282 2939 e.
1334 2874 1592 2961 duplum
1643 2876 1770 2937 eius
1837 2875 2049 2959 quanti
2115 2874 2498 2959 municipum
2549 2876 2732 2939 inter-

490 3003 701 3066 fuisset
765 3002 941 3067 illum
1006 3003 1093 3066 ita
1158 3025 1279 3065 non
1345 3002 1593 3079 fecisse,
1663 3003 1788 3065 sive
1856 3003 2117 3065 rationes
2169 3002 2418 3065 omnino
2469 3003 2736 3066 redditas

492 3153 655 3207 esse,
704 3130 930 3194 solvere
988 3130 1188 3193 debet.

678 3260 959 3344 Superest
1001 3260 1125 3343 jam
1176 3258 1480 3343 quaestiO,
1535 3256 1633 3319 cui
1683 3256 1976 3341 competit
2023 3278 2257 3319 summa
2307 3277 2460 3339 quae
2496 3255 2736 3319 actione

492 3386 772 3472 populari
820 3386 1092 3471 petitur?

682 3514 1040 3599 Complures
1087 3514 1439 3597 interpretes
1488 3512 1812 3575 voluerunt
1861 3512 2016 3575 hanc
2063 3532 2359 3573 summam
2403 3516 2741 3594 competere

496 3644 551 3707 ei
624 3643 731 3726 qui
778 3642 1072 3706 actionem
1121 3639 1454 3704 instituerit
1489 3638 1556 3725 ³).
1657 3640 1986 3704 MOMMSEN
2035 3647 2243 3701 contra
2298 3637 2527 3721 populo
2587 3637 2743 3699 116116

497 3792 793 3835 summam
842 3770 1009 3833 lucro
1060 3790 1189 3832 esse
1240 3766 1553 3830 contendit
1587 3766 1660 3850 4).

642 4035 677 4093 ¹)
752 4034 865 4081 Vide
915 4031 1007 4095 leg.
1061 4033 1092 4079 4
1146 4033 1195 4079 et
1249 4031 1309 4088 6,
1358 4029 1418 4079 D.
1470 4030 1531 4078 de
1562 4044 1669 4091 pop.
1705 4033 1800 4080 act.
1835 4028 2053 4091 (47.23);
2090 4028 2296 4077 addatur
2330 4040 2379 4076 V.
2417 4038 2640 4084 Ratun,
2698 4024 2751 4073 in

504 4120 588 4183 Op.
625 4122 661 4170 l.
695 4136 742 4184 p.
780 4120 895 4167 396.

639 4205 679 4266 2)
752 4204 870 4253 Vide
906 4216 951 4251 v.
990 4214 1235 4257 summ,
1274 4200 1321 4247 in
1362 4199 1550 4263 Operez
1585 4198 1761 4265 system
1798 4199 1824 4245 5
1866 4214 1912 4261 p.
1949 4198 2070 4248 442.

640 4290 681 4352 ³)
755 4290 872 4337 Vide
908 4302 956 4339 v,
994 4298 1237 4344 SAvteNY,
1273 4285 1322 4334 in
1361 4286 1545 4349 Opere:
1595 4286 1771 4348 Syrtem
1808 4284 1860 4342 2,
1914 4300 1962 4347 p.
2001 4283 2114 4331 132.
2173 4294 2384 4329 warren
2430 4280 2478 4327 in
2523 4280 2608 4341 Op.
2647 4280 2681 4327 l.
2720 4278 2753 4327 2

499 4394 547 4443 P·
584 4378 703 4529 ὣς.
756 4459 873 4511 Vide
907 4474 1014 4510 eum
1050 4456 1100 4507 in
1138 4457 1324 4521 Opere:
1358 4455 1653 4505 Stadtreokte
1687 4472 1734 4519 p.
1773 4454 2058 4504 463-465.

620 4633 651 4657 Ι
