3027 5263
1339 555 1469 618 217

272 772 602 814 consensus
680 750 1025 834 utriusque,
1094 755 1219 826 oet3
1266 748 1330 833 ¹).
1426 749 1567 813 Sive
1617 748 1806 835 igitur
1853 746 2236 813 connubium
2283 745 2526 812 Latinis

269 877 650 961 Salpensanis
698 898 1047 942 conoessum
1095 876 1280 940 fuerit
1327 877 1449 940 sive
1498 899 1621 940 non
1635 902 1654 954 3
1707 877 1773 940 id
1816 876 2092 940 sufficere
2125 896 2246 939 non
2284 874 2525 939 videtur

268 1003 346 1066 ad
397 1003 747 1068 institutum
784 1005 1010 1089 patriae
1046 1004 1361 1089 potestatis
1396 1003 1843 1088 explicandum.
1947 1002 2119 1068 Num
2155 1003 2342 1087 igitur
2378 1025 2520 1067 con·

272 1131 482 1194 cedere
570 1138 811 1216 oportet
883 1132 1042 1195 inter
1115 1153 1179 1195 se
1261 1153 1534 1217 pugnare
1612 1131 1966 1195 testimonia
2033 1151 2167 1195 Gan
2237 1135 2298 1194 et
2371 1129 2523 1216 legis

269 1259 717 1343 Salpensanae?
813 1259 1108 1337 Minime,
1194 1281 1331 1321 nam
1401 1258 1536 1344 ipse
1599 1279 1780 1324 0221th
1799 1306 1816 1336 ,
1884 1259 1950 1322 ni
2007 1258 2218 1337 fallor,
2289 1257 2523 1322 indicat

268 1387 573 1472 quomodo
639 1388 785 1451 haee
849 1386 1121 1471 quaestio
1173 1385 1461 1450 solvenda
1512 1386 1610 1449 sit.
1711 1386 2047 1470 Postquam
2098 1386 2260 1450 enim
2313 1385 2394 1449 l.l.
2445 1385 2520 1450 de

267 1514 465 1598 patria
522 1521 813 1598 potestate
886 1513 1075 1578 dixit:
1174 1512 1407 1594 „Quod
1468 1513 1571 1598 jus
1646 1515 1954 1600 proprium
2021 1514 2246 1577 civium
2297 1512 2516 1577 Roma·

262 1663 482 1706 norum
547 1642 697 1720 est”‚
747 1642 951 1705 addit:
1016 1641 1184 1718 „fere
1234 1641 1393 1704 enim
1445 1640 1600 1704 nulli
1651 1640 1752 1704 alii
1803 1649 1946 1705 sunt
1995 1642 2272 1705 homiues
2305 1641 2356 1724 ²)
2411 1639 2518 1725 qui

266 1771 443 1832 talem
494 1771 557 1833 in
608 1769 763 1833 filios
812 1791 951 1832 suos
1001 1775 1357 1853 potestatem
1406 1769 1671 1845 habent,
1747 1770 1975 1853 qualem
2025 1792 2132 1833 nos
2165 1767 2511 1832 habemus’'.

266 1897 729 1961 Animadvertas
795 1896 1014 1961 ICtum
1081 1896 1215 1959 aliis
1280 1897 1634 1961 hominibus
1697 1897 1822 1962 sive
1871 1896 2113 1983 populis
2165 1919 2285 1961 non
2338 1895 2514 1959 dene·

264 2048 409 2110 gare
458 2047 882 2109 quamcunque
931 2030 1284 2109 potestatem
1336 2025 1401 2087 in
1442 2022 1703 2104 liberm,
1769 2047 1974 2089 verum
2034 2024 2213 2087 talem
2271 2031 2513 2086 tantum

264 2151 505 2238 qualem
570 2152 826 2215 Romani
892 2151 1169 2215 habeant.
1269 2151 1474 2215 Patria
1541 2159 1840 2236 potestaS‚
1909 2152 2156 2237 opinor,
2236 2151 2298 2214 in
2374 2150 2510 2234 jure

265 2281 542 2344 Romano
615 2279 869 2344 dicenda
918 2286 1009 2343 est
1080 2279 1380 2366 pertinere
1452 2281 1530 2344 ad
1597 2280 1695 2365 jus
1768 2281 1943 2345 civile
2017 2278 2275 2344 mixtum
2337 2279 2512 2342 ouius

258 2406 721 2471 fundamentum
772 2407 1091 2471 constituit
1147 2429 1468 2471 commune
1519 2409 1791 2494 gentium
1837 2409 1962 2493 jus,
2016 2408 2116 2472 eui
2163 2415 2364 2472 tamen
2407 2405 2509 2491 jus

259 2534 437 2598 civile
502 2535 687 2598 multa
738 2535 862 2598 sive
910 2535 1149 2599 addidit
1199 2535 1322 2598 sive
1373 2534 1636 2599 detraxit
1671 2535 1738 2621 3).
1840 2537 2056 2620 Itaque
2108 2558 2250 2633 eum
2301 2556 2506 2597 verum

259 2670 524 2727 statuere
581 2664 829 2747 opinor,
890 2664 996 2747 qui
1046 2663 1205 2728 dicat
1255 2665 1511 2749 patriam
1566 2671 1926 2751 potestatem
1974 2664 2335 2729 Latinorum
2383 2684 2508 2727 non

252 2790 420 2853 idem
468 2790 570 2853 sed
621 2789 817 2854 simile
865 2791 1211 2854 institutum
1262 2791 1446 2855 fuisse
1481 2792 1528 2876 4)
1582 2793 1674 2871 ei,
1713 2815 1832 2878 quo
1867 2799 2181 2856 uterentur
2217 2790 2502 2854 Romani.

446 2917 585 2998 Quo
636 2924 835 2983 autem
888 2918 1121 2983 diversa
1146 2919 1328 2983 fuerit
1362 2926 1630 3005 potestas
1667 2920 1940 2985 Romana
1967 2942 2000 2982 a
2026 2918 2244 2984 Latina
2275 2919 2504 3003 exlege

242 3045 615 3131 Salpensana
663 3068 786 3110 non
836 3053 1117 3131 apparet3
1168 3047 1232 3110 in
1285 3048 1499 3133 Capite
1551 3070 1687 3111 vero
1739 3050 1821 3112 21
1875 3046 2028 3131 legis
2079 3046 2257 3110 verbo
2294 3045 2499 3109 admo-

249 3194 466 3236 nemur
531 3174 634 3256 qui
692 3174 825 3257 jure
893 3173 1113 3237 Latino
1162 3175 1284 3238 sint
1332 3175 1398 3237 in
1448 3182 1764 3261 potestate.
1863 3174 2130 3238 Tantum
2181 3173 2343 3237 enim
2394 3172 2499 3256 qui

247 3300 545 3381 legitimis
629 3300 864 3385 nuptiis
937 3301 1197 3386 quaesiti
1271 3308 1450 3377 sunt,
1530 3303 1758 3387 quique
1822 3300 2005 3365 simul
2065 3301 2140 3365 ad
2206 3300 2498 3364 familiam

243 3428 555 3513 pertinent
572 3453 589 3503 ;
658 3427 942 3492 doeemur
998 3429 1165 3493 enim
1237 3442 1487 3515 nepotes
1559 3436 1797 3494 tantum
1866 3430 1969 3514 qui
2037 3452 2112 3493 ex
2155 3429 2299 3513 filio
2367 3428 2496 3493 nati

243 3554 371 3617 sint
441 3553 503 3616 in
556 3561 881 3638 postestate
931 3576 1090 3631 esse3
1143 3557 1246 3639 qui
1300 3578 1437 3619 vero
1487 3556 1892 3621 nascebantur
1937 3579 2010 3620 ex
2054 3556 2212 3635 filia,
2261 3556 2491 3641 quippe

243 3704 402 3766 quae
466 3681 531 3744 in
604 3681 786 3745 aliam
858 3681 1149 3746 familiam
1226 3682 1642 3768 migravisset,
1710 3684 1777 3747 in
1827 3691 2125 3769 potestate
2184 3691 2354 3748 erant
2396 3684 2495 3747 avi

390 3889 423 3947 ¹)
498 3886 613 3937 Vide
648 3902 761 3938 mr.
798 3890 909 3954 Req.
947 3890 1041 3939 Tit.
1084 3892 1130 3942 5.
1166 3892 1188 3951 §
1227 3892 1268 3941 2.
1313 3890 1372 3939 of.
1412 3905 1564 3941 raum
1601 3892 1727 3944 Seni.
1763 3893 1876 3942 Rea.
1913 3893 2022 3945 Lib.
2047 3894 2094 3943 2.
2131 3893 2226 3942 Tit.
2268 3893 2346 3943 19.
2384 3894 2406 3953 §
2445 3893 2492 3942 2.

378 3973 418 4033 2)
493 3973 607 4021 Vide
644 3975 969 4039 exceptionem
1006 3991 1034 4024 a
1058 3989 1179 4024 ouo
1203 3977 1251 4024 in
1277 3976 1461 4025 Galatis
1487 3977 1766 4035 admissam,
1802 3978 1906 4027 Lib.
1948 3980 1973 4028 1
2002 3980 2024 4039 §
2055 3980 2117 4026 55
2146 3978 2276 4030 laud.
2300 3978 2352 4028 in
2380 3978 2491 4033 fine,

379 4056 421 4119 ³)
491 4057 608 4107 Vide
642 4072 694 4107 Η.
729 4072 769 4109 J.
804 4072 1040 4118 ΚΟΕΝΕΝ,
1082 4062 1129 4109 in
1172 4062 1296 4111 Dies.
1332 4062 1393 4111 de
1430 4062 1600 4112 Patria
1631 4068 1865 4125 potestate
1900 4079 2020 4127 quae
2055 4064 2236 4128 prodiit
2267 4064 2489 4127 Lugduni

236 4143 349 4192 Bat.
388 4143 546 4201 1831,
585 4142 819 4207 imprimis
854 4160 901 4209 p.
938 4140 1100 4197 1-4-27
1116 4166 1129 4204 5
1152 4146 1363 4196 ostendit
1388 4151 1558 4196 auctor
1579 4147 1854 4197 institutum
1880 4149 2061 4213 patriae
2085 4151 2337 4214 potestatis
2362 4151 2488 4213 quod

234 4227 365 4291 apud
416 4227 653 4276 Romanos
703 4229 1075 4293 deprehenditur
1126 4231 1379 4281 cohaerere
1434 4248 1544 4281 oum
1578 4233 1774 4298 antiquo
1835 4234 1959 4283 vitae
1995 4250 2166 4299 genere
2201 4235 2486 4301 populorum
2525 4288 2529 4293 ,

230 4312 518 4361 Italicorum
556 4317 697 4378 atque
731 4314 841 4363 inde
878 4314 1216 4380 explicandum
1252 4300 1368 4368 esse.

370 4396 412 4459 ⁴)
485 4398 732 4448 Eiusmodi
770 4400 865 4450 fere
903 4401 1178 4452 institutum
1214 4402 1466 4454 Cordovae
1488 4404 1542 4454 in
1569 4405 1686 4455 urbe
1715 4406 1972 4471 Hispaniae
1996 4424 2093 4459 nou
2129 4409 2271 4473 louge
2312 4426 2340 4459 a
2381 4408 2488 4458 Sal·

231 4498 384 4547 pensa
420 4481 584 4533 dissita
615 4484 845 4549 viguisse,
888 4487 1051 4537 docuit
1086 4500 1362 4551 Dmcxsxm,
1401 4506 1542 4555 quem
1581 4492 1686 4543 vide
1722 4492 1770 4543 in
1811 4494 2057 4545 Commeat.
2088 4497 2219 4546 laud.
2257 4513 2306 4561 p.
2345 4496 2460 4549 694.
