3027 5263
1596 627 1678 687 96

517 833 554 891 5
623 823 756 889 dies
817 821 1204 907 magistratus
1259 820 1504 903 jurent3
1570 817 1674 883 sed
1738 818 1904 905 leges
1976 838 2134 903 quae
2204 818 2541 883 clausulam
2596 818 2775 883 illam

513 953 851 1029 habebant,
901 972 980 1014 ne
1025 950 1090 1012 in
1138 946 1408 1032 singulas
1433 948 1636 1032 jurare
1671 953 2067 1033 cogerentur,
2104 946 2551 1033 colligebantur
2582 952 2649 1012 et
2678 947 2773 1011 ita

513 1083 579 1147 in
627 1082 787 1167 leges
829 1079 1029 1164 jurare
1079 1076 1462 1160 magistratus
1510 1075 1886 1139 dicebantur.

700 1206 958 1272 Accedit
1004 1203 1297 1290 placitum
1345 1204 1410 1266 in
1459 1202 1594 1288 lege
1642 1202 2013 1288 Salpensana
2058 1200 2513 1286 magistratibus
2558 1202 2771 1288 juran-

513 1337 661 1402 dum
733 1358 860 1400 esse
911 1340 1240 1417 antequam
1292 1329 1648 1395 decuriones
1700 1329 2073 1409 habeantur,
2122 1330 2320 1407 unde,
2371 1353 2467 1395 me
2513 1330 2764 1415 judice,

511 1470 758 1549 apparet
806 1483 908 1524 eos
958 1480 1162 1544 gerere
1216 1480 1342 1521 non
1391 1456 1665 1543 potuisse
1716 1458 2136 1542 magistratus,
2186 1456 2300 1520 nisi
2328 1456 2769 1541 jusjurandum

509 1590 689 1655 fuerit
736 1587 1112 1673 praestitum.
1211 1584 1356 1649 Non
1407 1592 1560 1670 puto
1610 1583 1775 1648 enim
1826 1584 2018 1647 multa
2064 1589 2303 1649 tantum
2338 1584 2584 1648 affectos
2632 1606 2769 1649 esse

510 1718 621 1802 qui
665 1739 792 1781 non
832 1714 1202 1800 juravissent
1243 1712 1322 1798 ¹),
1371 1711 1474 1775 sed
1509 1733 1634 1775 non
1684 1734 1937 1797 possum
1982 1734 2111 1776 non
2159 1718 2421 1775 statuere
2447 1712 2525 1775 iis
2556 1734 2766 1776 revera

509 1865 632 1907 non
681 1841 924 1905 licuisse
971 1838 1243 1902 Malacae
1290 1836 1385 1901 vel
1418 1836 1745 1922 Salpensae
1770 1838 2191 1923 magistratum
2218 1860 2419 1923 gerere
2452 1838 2526 1924 ²).
2576 1838 2763 1903 Pror-

509 1990 614 2033 sus
684 1968 908 2032 mirum
955 1966 1117 2029 enim
1166 1962 1404 2029 videtur
1452 1986 1594 2028 eum
1645 1965 1753 2049 qui
1801 1964 2060 2029 multam
2106 1965 2381 2029 solvisset
2429 1966 2765 2051 praescrip-

505 2102 641 2160 tum
691 2094 842 2180 legis
891 2093 965 2158 de
1021 2092 1412 2179 jurejurando
1475 2091 1783 2178 negligere
1842 2094 2111 2177 potuisse
2158 2094 2619 2178 pecuniamque*
2650 2116 2766 2179 pu·

507 2224 726 2289 blicam
779 2222 1102 2306 omniaque
1157 2220 1406 2305 negotia
1463 2220 1519 2285 ei
1578 2222 1900 2284 commissa
1956 2220 2139 2285 fuisse
2186 2222 2292 2306 qui
2330 2221 2765 2307 jusjurandum

504 2351 657 2415 illud
708 2350 996 2415 omittens
1042 2346 1416 2433 probavisset
1465 2370 1531 2411 se
1580 2347 1736 2411 male
1781 2348 2059 2413 affectum
2110 2372 2250 2433 erga
2296 2349 2556 2434 patriam
2604 2371 2760 2415 esse.

505 2480 797 2543 Attamen
847 2476 1013 2560 quod
1060 2476 1300 2560 majoris
1348 2475 1646 2539 momenti
1695 2481 1785 2539 est
1816 2475 2013 2561 ipsius
2055 2476 2205 2561 legis
2244 2476 2535 2563 periodus
2576 2477 2762 2541 modo

504 2605 751 2672 laudata
799 2602 1218 2689 quaestionem
1265 2602 1494 2668 solvere
1543 2603 1803 2668 videtur.

695 2731 1010 2798 Succurrit
1057 2731 1121 2794 in
1171 2731 1283 2795 hac
1333 2753 1577 2817 quoque
1626 2753 1806 2797 causa
1856 2731 2135 2822 analogia
2182 2732 2605 2798 institutorum
2635 2733 2763 2799 Ro-

507 2882 847 2926 manorum.
944 2857 1149 2923 Multa
1204 2881 1348 2922 sane
1399 2859 1583 2924 etiam
1629 2859 1859 2924 Romae
1907 2859 2280 2945 puniebatur
2324 2873 2596 2946 tempore
2644 2861 2759 2926 rei-

506 2987 786 3073 publicae
838 2986 890 3050 is
936 2985 1047 3071 qui
1094 3007 1216 3050 non
1251 2985 1635 3071 praestiterat
1683 2985 1841 3050 illud
1862 2985 2289 3071 jusjurandum
2323 2986 2371 3072 ³)
2393 3037 2411 3066 ,
2447 2992 2759 3072 praetcrea

505 3138 645 3180 vero
690 3115 1048 3200 magistratu
1093 3114 1272 3200 fungi
1297 3136 1422 3178 non
1465 3113 1935 3199 permittebatur
1966 3115 2040 3200 4).
2093 3113 2279 3196 Quod
2313 3115 2518 3180 eadem
2544 3115 2761 3181 tabula

505 3241 776 3306 Bantina
830 3243 1258 3319 confirmatur,
1310 3263 1432 3326 qua
1481 3248 1729 3306 cautum
1777 3251 1904 3328 est:
1956 3241 2133 3324 „Qui
2181 3265 2257 3307 ex
2305 3243 2416 3308 hac
2464 3243 2597 3330 lege
2629 3267 2759 3309 non

500 3367 824 3454 juraverit,
861 3368 1280 3454 magistratum
1331 3369 1730 3454 imperiumve
1778 3392 1853 3434 ne
1887 3371 2080 3454 petito
2113 3370 2290 3436 neive
2337 3371 2531 3458 gerito
2577 3372 2759 3438 neive

505 3493 769 3560 habeto”
818 3500 933 3559 cet.

693 3625 1144 3710 Argumentum
1216 3623 1416 3707 ipsum
1458 3623 1858 3708 jurisjurandi
1907 3623 2070 3708 quod
2121 3625 2239 3688 huc
2286 3624 2554 3710 pertinet
2598 3627 2759 3692 mul—

503 3751 584 3814 tis
656 3750 940 3836 persequi
1013 3771 1138 3814 non
1211 3771 1362 3835 opus
1430 3755 1544 3814 est.
1641 3748 1801 3814 Sunt
1870 3749 2177 3836 generales
2257 3751 2555 3836 quaedam
2630 3775 2763 3817 ver-

507 3875 722 3943 borum
771 3880 1196 3964 conceptiones
1220 3928 1239 3957 ,
1313 3900 1467 3963 quae
1535 3901 1606 3942 eo
1682 3878 1937 3943 redeunt
2003 3885 2072 3943 ut
2114 3879 2323 3964 jurent
2372 3880 2765 3966 magistratus

649 4106 685 4167 ¹)
754 4104 962 4154 Cavetur
994 4105 1047 4153 in
1082 4104 1184 4168 lege
1219 4107 1358 4170 (Cap.
1399 4107 1461 4156 26
1499 4106 1550 4155 in
1586 4106 1719 4168 fine)=
1765 4107 1881 4170 „qui
1915 4108 1984 4156 ita
2021 4123 2116 4155 non
2150 4107 2389 4171 juraverit
2410 4107 2453 4156 is
2476 4109 2759 4161 sestertium

503 4191 546 4240 X
580 4188 732 4240 millia
766 4189 1090 4254 municipibus
1128 4191 1227 4254 ejus
1262 4190 1519 4256 municipii
1555 4193 1668 4240 dare
1704 4192 1903 4240 damnas
1940 4193 2091 4241 esto.”

641 4275 681 4337 2)
751 4275 906 4323 Aliter
940 4288 1194 4324 Mommsen
1230 4277 1531 4325 Stadtreokte
1566 4293 1613 4341 p.
1652 4277 1770 4326 429.

642 4358 681 4422 ³)
753 4358 874 4408 vide
910 4373 1206 4409 cronacum
1230 4377 1326 4423 pro
1353 4361 1569 4411 Cluentio
1605 4361 1723 4426 Cap.
1745 4361 1825 4410 33.
1848 4361 1920 4412 Cf.
1946 4374 2116 4410 aanor
2141 4363 2271 4411 Elim.
2297 4360 2657 4414 Altherthnzmer
2700 4366 2765 4426 1,

539 4481 550 4496 .
591 4444 710 4494 521.

501 4461 534 4510 p
638 4528 682 4592 4)
753 4529 824 4580 Cf.
861 4542 1068 4588 uvrun,
1109 4529 1215 4578 Lib.
1252 4530 1334 4581 31.
1373 4531 1488 4596 Cap.
1528 4531 1608 4582 50.
1668 4574 1673 4577 .
