3027 5263
1585 541 1717 604 174

528 736 711 801 soluti
757 735 994 800 liberati
1043 734 1241 799 soluta
1286 733 1657 820 liberataque
1706 756 1829 799 non
1881 743 2024 800 sunt
2070 759 2193 801 non
2244 743 2458 816 erunt,
2511 745 2781 803 autnon

530 866 657 930 sine
707 862 848 929 dolo
882 863 1038 928 malo
1088 869 1231 928 sunt
1280 870 1493 941 erunt,
1549 863 1798 942 IIviriS,
1848 864 1952 949 qui
2005 865 2090 930 ibi
2117 865 2241 950 juri
2291 866 2560 931 dicundo
2610 890 2782 953 prae·

528 999 705 1056 erunt
755 1029 841 1040 --
894 991 1148 1054 vendere
1195 990 1510 1076 legemque
1561 991 1654 1054 his
1715 990 2054 1055 vendundis
2113 993 2310 1057 dicere
2353 995 2455 1078 jus
2504 1000 2781 1080 potestas

526 1119 719 1186 est0.”
815 1118 1435 1183 Animadvertendum
1494 1125 1700 1182 tamen
1748 1119 1919 1183 illam
1970 1120 2214 1184 dicendi
2280 1123 2580 1187 rationem
2629 1130 2782 1188 tem-

526 1273 669 1336 pore
717 1249 865 1335 legis
911 1247 1312 1312 Malacitanae
1363 1246 1518 1310 latae
1566 1246 1742 1332 plane
1793 1255 2129 1311 accuratam
2164 1271 2287 1313 non
2323 1272 2486 1328 esse,
2539 1274 2780 1315 verum-

526 1387 728 1443 tamen
792 1375 1205 1462 explicandam
1267 1398 1392 1440 esse
1448 1398 1522 1439 ex
1573 1375 1829 1439 historia
1881 1377 2060 1441 huius
2111 1378 2429 1442 cautioniS.
2529 1380 2782 1444 Notum

528 1513 685 1578 enim
736 1521 824 1578 est
873 1511 1318 1577 exsecutionem
1369 1511 1622 1595 anti-quo
1671 1517 1940 1597 tempore
1974 1519 2099 1576 tam
2133 1513 2197 1576 in
2230 1535 2551 1600 personam
2587 1537 2778 1600 quam

526 1642 589 1706 in
642 1641 799 1706 bona
848 1640 1188 1704 debitorum
1239 1639 1558 1724 procedere
1605 1639 1842 1704 solitam
1896 1640 2122 1721 fuisse,
2173 1641 2260 1704 ita
2311 1649 2380 1705 ut
2429 1649 2564 1706 tum
2612 1651 2781 1709 recte

528 1771 599 1834 de
652 1769 1001 1834 venditione
1048 1767 1330 1853 praedam
1385 1774 1728 1844 caveretur3
1779 1789 1976 1852 neque
2011 1769 2210 1832 minus
2252 1777 2453 1833 tamen
2495 1771 2780 1836 innotuit

530 1898 971 1962 exsecutionem
1044 1895 1215 1959 illam
1290 1895 1580 1980 paulatim
1677 1918 2040 1981 magnopere
2115 1920 2241 1960 esse
2314 1897 2663 1982 mitigat-am
2707 1901 2776 1984 ¹),

529 2026 793 2110 denique
858 2047 1097 2110 prorsus
1162 2024 1509 2102 evanuisse3
1582 2046 1764 2108 quare
1814 2025 2100 2110 praedam
2172 2026 2440 2090 venditio
2492 2049 2652 2110 quae
2712 2029 2776 2091 in

527 2156 659 2240 lege
742 2153 1111 2218 Malacitana
1184 2165 1582 2232 memoratur,
1676 2153 2072 2239 intelligenda
2137 2164 2224 2218 est
2289 2155 2364 2220 de
2416 2156 2776 2222 venditione

526 2281 767 2369 praedis
818 2282 1107 2345 bonorum.

710 2411 972 2476 Praedes
1021 2410 1208 2494 igitur
1273 2409 1379 2493 qui
1425 2409 1698 2472 nondum
1773 2409 1956 2474 soluti
2007 2417 2154 2473 sunt
2185 2411 2234 2496 2)
2300 2420 2568 2497 tempore
2623 2412 2778 2478 obli·

525 2540 788 2626 gationis
861 2539 1215 2601 commissae
1276 2545 1566 2613 veneunt3
1645 2539 1954 2622 quaeritur
2033 2545 2235 2602 tamen
2296 2547 2498 2603 utrum
2561 2541 2776 2605 statim

522 2693 599 2734 an
691 2678 958 2753 tempore
1046 2665 1305 2749 quodam
1405 2667 1760 2751 interposito
1852 2667 2126 2731 venditio
2219 2668 2522 2753 procedat.
2641 2670 2776 2735 Lex

521 2796 923 2873 Mal-auitam,
996 2817 1133 2858 cum
1198 2800 1435 2857 tantum
1506 2794 1755 2879 praedes
1829 2795 2196 2880 praediaque
2247 2796 2448 2861 venire
2498 2803 2771 2877 statuat,

527 2948 723 3010 neque
795 2924 858 2987 in
934 2946 1001 2987 ea
1065 2923 1170 2985 fiat
1236 2923 1463 2986 mentio
1534 2925 1618 2987 30
1701 2923 2002 3007 justorum
2097 2924 2328 2988 dierum
2411 2925 2520 3009 qui
2605 2949 2773 3010 prae·

521 3053 731 3139 scripti
805 3059 949 3117 sunt
1014 3052 1151 3137 lege
1208 3051 1483 3130 Xvirali‚
1536 3071 1878 3131 MOMMSEN,
1931 3052 2062 3136 ipsa
2126 3053 2256 3137 lege
2307 3060 2508 3117 nostra
2558 3054 2772 3131 nixuS,

522 3180 834 3245 contendit
884 3186 1021 3244 ante
1066 3179 1163 3263 jus
1212 3178 1344 3241 XII
1392 3177 1735 3242 tabularum
1787 3180 2066 3243 creditori
2117 3180 2179 3243 in
2209 3180 2508 3243 debitores
2534 3203 2773 3267 compe-

520 3309 688 3375 tiisse
739 3309 832 3372 ius
880 3307 1074 3371 multo
1123 3291 1387 3371 severius
1433 3314 1492 3370 et
1542 3307 1736 3371 acrius
1784 3307 1890 3370 illo
1935 3308 2070 3393 jure
2120 3308 2538 3384 decemvirali,
2589 3308 2774 3373 illud-

522 3460 640 3524 que
704 3442 973 3523 tempore
1038 3434 1359 3499 Caesarum
1427 3436 1608 3500 etiam
1663 3434 1925 3521 viguisse
1978 3436 2206 3500 ratione
2267 3436 2476 3501 habita
2537 3437 2772 3502 debito-

668 3780 700 3842 ¹)
769 3778 893 3841 Lege
928 3774 1141 3825 Poetelia
1177 3791 1221 3826 v.
1258 3791 1305 3839 g.
1342 3774 1448 3824 vide
1484 3791 1528 3827 v.
1567 3788 1790 3834 xum-28,
1835 3776 2135 3839 Cic-ilproceaes
2177 3791 2224 3840 p.
2267 3775 2382 3825 351.
2410 3779 2459 3825 et
2496 3788 2767 3835 Runomfr,

524 3865 658 3916 Ram.
698 3862 1017 3927 Rechtsqesck.
1057 3862 1111 3919 2,
1152 3876 1201 3925 p.
1236 3862 1350 3910 294.

664 3949 703 4011 2)
774 3948 829 3997 In
869 3947 969 4011 lege
1005 3950 1166 3995 nostra
1202 3947 1327 3995 enim
1366 3946 1578 3995 venditio
1611 3946 1805 4009 jubetur
1852 3946 2174 4011 obligatorum
2213 3946 2286 3994 vel
2323 3946 2435 3995 dolo
2473 3945 2600 3995 malo
2643 3948 2778 3997 solu·

525 4040 699 4085 torum.
770 4032 978 4095 Obligati
1016 4036 1173 4081 autem
1212 4036 1521 4097 opponuntur
1557 4030 1751 4092 solutis;
1791 4032 1830 4081 si
1868 4047 2002 4097 praes
2039 4032 2250 4095 legitimo
2288 4032 2429 4080 modo
2467 4031 2656 4082 solutus
2695 4038 2766 4081 est

524 4120 685 4171 venire
722 4118 908 4183 nequit,
948 4118 1087 4167 huius
1126 4118 1375 4166 solutionis
1411 4118 1560 4165 forma
1589 4122 1728 4181 atque
1761 4118 2008 4167 sollemnia
2045 4118 2222 4166 tradita
2258 4134 2355 4165 non
2381 4123 2510 4168 sunt.
2557 4117 2777 4168 Solutio-

526 4208 600 4255 nis
636 4206 829 4253 effectus
867 4204 1013 4252 fuisse
1051 4203 1237 4251 videtur
1274 4206 1326 4251 ut
1363 4190 1555 4251 nomina
1593 4203 1821 4267 praedam
1847 4202 2038 4267 quaein
2066 4206 2171 4251 aeta
2209 4202 2402 4266 publica
2437 4202 2590 4251 relata
2615 4207 2778 4253 essent

526 4291 849 4341 crederentur.
922 4289 995 4338 cf.
1033 4302 1203 4336 mvnzu
1240 4288 1287 4336 in
1332 4291 1413 4350 Op.
1450 4291 1483 4337 l.
1524 4304 1570 4351 p.
1609 4290 1700 4346 93,
1743 4288 1822 4337 94.

664 4374 759 4439 Qui
796 4378 951 4423 tamen
990 4374 1102 4421 dolo
1138 4372 1263 4421 malo
1300 4373 1396 4421 sive
1432 4372 1597 4422 fraude
1633 4372 1816 4421 solutus
1854 4375 1952 4431 est,
1989 4373 2175 4422 solutus
2213 4387 2309 4421 non
2346 4374 2596 4429 censenti-3
2653 4372 2776 4422 obli·

528 4464 664 4531 gatus
700 4462 885 4520 manet,
925 4459 1125 4525 ideoque
1162 4459 1454 4511 exsecutioni
1492 4458 1726 4508 obnoxius
1767 4458 1835 4508 fit.
