3027 5263
1382 587 1513 650 205

327 805 480 848 num
550 781 901 847 vicesimum
964 781 1099 867 jure
1148 780 1425 845 Romano
1476 804 1586 867 pro
1637 781 1936 867 completo
1986 781 2189 848 haberi
2239 787 2474 849 constat
2513 783 2576 869 ¹).

328 912 503 977 Idem
551 933 695 976 sane
744 909 908 996 apud
954 909 1209 975 Latinos
1251 909 1403 996 juris
1454 909 1638 975 fuisse
1688 910 1982 997 conjicere
2029 911 2194 977 licet.

516 1041 699 1105 Ratio
761 1039 910 1125 legis
960 1038 1175 1104 Aeliae
1246 1037 1491 1104 Sentiae
1564 1060 1720 1123 quae
1781 1038 1963 1104 fuerit
2015 1039 2198 1124 (idem
2249 1039 2325 1106 ad
2382 1038 2578 1126 legem

328 1169 759 1254 Salpensanam
814 1171 1083 1252 spectare
1132 1165 1395 1249 videtur)
1444 1172 1605 1231 recte
1654 1165 1888 1230 indicat
1937 1167 2028 1230 vir
2075 1188 2237 1232 cons.
2273 1187 2457 1232 zUBLI
2490 1168 2576 1253 ²),

329 1298 433 1382 qui
467 1297 553 1360 ita
600 1301 848 1360 cautum
883 1294 1073 1358 fuisse
1099 1300 1309 1380 putat:
1362 1315 1485 1371 „ne
1510 1294 1663 1358 servi
1699 1294 2083 1359 dominorum
2128 1294 2374 1360 levitate
2404 1295 2578 1361 abusi

329 1424 668 1489 libertatem
719 1422 1193 1509 adipiscerentur
1208 1448 1225 1501 3
1280 1421 1544 1487 minores
1593 1421 1754 1487 enim
1781 1419 1843 1500 ,”

1915 1422 2124 1510 addit,
2177 1423 2440 1509 „viginti
2474 1447 2578 1489 an·

330 1573 546 1616 norum
614 1548 849 1614 domini
912 1549 1083 1614 facile
1132 1547 1595 1634 decipiebantur
1643 1558 1704 1614 et
1751 1572 2059 1615 servorum
2109 1550 2423 1616 blanditiis
2471 1551 2575 1617 ob-

330 1676 809 1744 secundabant.’'

521 1807 691 1872 Haec
755 1811 992 1870 tantum
1058 1805 1135 1870 ad
1202 1805 1704 1870 manumittentes
1753 1806 2087 1892 respiciunt
2103 1835 2121 1887 ς
2176 1809 2326 1893 quid
2375 1816 2574 1876 autem

330 1935 408 2000 de
448 1935 584 2020 jure
648 1956 857 2000 eorum
922 1905 1047 2020 qui*
1098 1934 1449 1999 manumissi
1496 1942 1643 1999 sunt
1689 1934 2130 2000 statuendum?
2226 1936 2578 2023 Respondet

331 2064 431 2129 lex
502 2063 907 2148 Salpensana‚
986 2085 1085 2127 eos
1157 2068 1282 2127 tam
1355 2062 1580 2127 liberos
1645 2063 1772 2128 fieri
1830 2069 1948 2142 „ut
2008 2065 2116 2149 qui
2165 2067 2398 2151 optimo
2442 2067 2578 2151 jure

330 2190 511 2256 latini
560 2190 829 2257 libertini
878 2187 1138 2255 essent.”
1237 2190 1667 2275 Explicatione
1712 2214 1833 2256 non
1882 2191 2160 2277 indigent
2207 2192 2311 2257 illa
2361 2193 2540 2258 verba
2556 2220 2575 2274 3

332 2342 472 2385 cum
546 2319 708 2383 enim
762 2325 1074 2384 uterentur
1122 2318 1474 2383 manumissi
1525 2319 1754 2405 optimo
1807 2319 1944 2405 jure
1992 2318 2388 2398 Latinorum,
2441 2344 2578 2407 pro-

332 2445 433 2510 cul
518 2443 702 2509 dubio
774 2443 1041 2530 gavisuri
1114 2451 1285 2509 erant
1351 2445 1489 2529 jure
1563 2444 1923 2510 Latinorum
1996 2445 2465 2511 colonial-iorum
2497 2447 2579 2531 ³),

331 2594 593 2658 cumque
646 2570 829 2657 vulgo
878 2571 1147 2636 eiusdem
1198 2571 1573 2638 condicionis
1609 2573 1732 2638 sint
1780 2574 2136 2639 manumissi
2179 2581 2360 2661 atque
2394 2575 2440 2640 ii
2474 2575 2580 2662 qui

331 2702 612 2765 libertate
679 2697 989 2765 donabant
1022 2699 1069 2784 4)
1093 2748 1111 2777 ,
1178 2700 1584 2786 Salpensanos
1635 2702 1770 2787 jure
1819 2702 2177 2768 Latinorum
2227 2703 2581 2769 coloniario·

330 2853 468 2895 rum
518 2850 657 2893 usos
705 2827 889 2891 fuisse
938 2827 1080 2892 inde
1131 2828 1427 2913 sequitur.

521 2958 747 3021 Contra
798 2954 979 3021 verba
1026 2955 1129 3019 illa
1180 2955 1420 3041 Capitis
1472 2960 1557 3019 28
1593 2956 1745 3042 „qui
1779 2956 2010 3043 optimo
2035 2958 2172 3043 jure
2197 2959 2376 3024 latini
2403 2958 2579 3025 liber·

329 3086 447 3150 tini
502 3092 644 3149 sunt
692 3082 927 3160 erunt”,
976 3084 1251 3168 quamvis
1298 3084 1441 3148 satis
1489 3084 1813 3171 perspicua
1861 3085 2212 3169 videantur,
2267 3089 2359 3151 vir
2408 3110 2576 3153 conS.

329 3234 535 3280 Asnmt
583 3220 782 3276 tamen
838 3211 1027 3275 multa
1079 3212 1327 3277 molitus
1376 3218 1487 3277 est.

526 3342 619 3405 1⁰.
673 3340 1125 3405 Animadvertit
1151 3347 1361 3406 auctor
1395 3340 1474 3425 ³):
1507 3340 1640 3420 „les
1667 3346 1822 3407 mots
1855 3350 2152 3429 prouvent
2175 3339 2512 3429 §galement
2531 3343 2578 3429 ⁶)

474 3583 510 3645 ¹)
581 3583 697 3633 Vide
734 3596 997 3634 mmmm
1032 3583 1081 3633 in
1118 3583 1223 3647 lege
1263 3586 1307 3635 1.
1344 3584 1404 3635 D.
1440 3584 1499 3635 de
1537 3586 1806 3635 manumiss.
1844 3587 2015 3648 (40.1).

470 3670 509 3731 ²)
579 3669 635 3718 Iu
678 3670 804 3719 Diss.
843 3685 987 3734 supra
1022 3670 1151 3719 laud.
1195 3686 1242 3735 p.
1281 3669 1362 3721 70.

472 3754 511 3817 ³)
582 3756 802 3805 Deterius
838 3755 965 3803 enim
1002 3759 1105 3803 erat
1136 3755 1215 3819 jus
1252 3772 1344 3819 quo
1400 3757 1656 3805 utebantur
1691 3755 1850 3805 Latini
1886 3756 2107 3815 Juniani;
2165 3773 2276 3806 nam
2313 3757 2424 3808 licet
2450 3775 2579 3809 com·

326 3841 555 3892 mercium
568 3840 743 3889 habere
763 3841 997 3899 dicantur,
1019 3846 1175 3890 tamen
1199 3857 1350 3905 neque
1370 3846 1705 3891 testamentum
1731 3843 1884 3891 facere
1895 3846 2123 3907 poterant
2144 3842 2269 3901 (vide
2283 3857 2577 3904 unaarum,

328 3928 443 3992 1229.
471 3927 565 3977 Tit.
592 3928 656 3975 20
694 3930 717 3988 ς
757 3927 836 3985 14)
878 3942 1029 3990 neque
1065 3926 1374 3975 hereditatem
1412 3943 1580 3992 capere
1615 3927 1796 3976 directo
1833 3928 1958 3986 (vide
1997 3942 2287 3985 mmmmm,
2330 3930 2440 3994 Req.
2480 3930 2579 3982 Tit.

330 4013 412 4063 22.
446 4012 550 4074 §33
589 4012 648 4059 cf.
687 4024 881 4069 enum,
918 4012 1038 4061 Inst.
1078 4011 1179 4061 Lib.
1231 4013 1279 4062 2.
1316 4015 1339 4073 ς
1378 4013 1491 4073 110)
1531 4028 1682 4077 neque
1729 4017 1912 4061 tutores
1948 4012 2049 4061 dari
2086 4018 2404 4073 testament03
2450 4016 2578 4077 (vide

326 4108 519 4154 cuiun,
546 4098 668 4145 Inst.
699 4096 805 4145 Lib.
852 4097 871 4145 1
909 4099 932 4156 ς
970 4097 1069 4159 23.)
1106 4096 1171 4147 ef.
1206 4096 1401 4145 omnino
1437 4098 1495 4146 de
1527 4097 1634 4161 jure
1659 4096 1830 4146 horum
1867 4097 2163 4149 Latinorum.
2195 4112 2242 4150 V.
2269 4112 2572 4158 vanenuovn

338 4184 483 4233 Ueber
517 4183 597 4231 die
631 4182 796 4231 Latini
828 4182 1053 4240 «Iuniani,
1094 4198 1141 4247 p.
1185 4181 1470 4231 109-122.

464 4266 507 4329 4)
581 4267 701 4315 ine
749 4280 911 4315 onum
948 4268 1068 4316 Ince.
1116 4266 1220 4316 Lib.
1263 4268 1284 4315 l
1326 4269 1347 4327 §
1388 4264 1465 4317 17.
1504 4267 1567 4317 cf.
1614 4281 1883 4318 mmmmm
1931 4268 2046 4332 Req.
2097 4266 2194 4319 Tit.
2235 4269 2257 4316 1
2300 4270 2322 4329 ς
2363 4269 2454 4328 12,
2491 4269 2574 4321 ubi

324 4350 557 4404 contrarii
593 4366 780 4414 quoque
816 4352 1389 4415 exemplarecensentur.
1427 4350 1500 4401 Cf.
1537 4352 1681 4400 etiam
1717 4365 1906 4410 anun,
1950 4354 2067 4402 [net.
2109 4352 2211 4403 Lib.
2253 4354 2277 4402 1
2316 4352 2334 4398 5
2371 4353 2454 4404 29.

468 4436 506 4499 ι5)
575 4436 634 4483 In
677 4436 926 4486 Commeat.
961 4437 1093 4485 laud.
1128 4452 1175 4500 p.
1217 4436 1332 4486 121.

468 4520 506 4587 θ)
580 4520 699 4570 Vide
734 4536 878 4588 supra
916 4524 1045 4573 Dm.
1088 4538 1134 4587 p.
1174 4522 1268 4571 201
1310 4524 1411 4572 not.
1450 4520 1497 4572 1.
