3027 5263
1345 564 1477 626 169

281 775 525 820 cnonas
600 753 1093 839 comprehendit:
1172 752 1364 833 „alles
1422 754 1819 840 bewegliche,
1881 753 2361 842 unbewegliche,
2422 776 2531 819 un·

279 882 664 969 korperliche
713 881 1101 967 Vermogen'’
1139 882 1202 965 ¹).
1306 882 1468 947 Haec
1519 882 1665 946 satis
1714 880 2161 961 demonstrant,
2213 884 2280 947 ni
2313 882 2527 963 fallor,

281 1035 466 1099 quare
517 1034 698 1100 cogar
745 1017 1010 1075 statuere
1059 1031 1402 1075 VARRONEM
1451 1019 1510 1075 et
1559 1032 1986 1077 scnomas'rnu
2059 1012 2134 1076 ad
2184 1014 2383 1099 ipsum
2427 1013 2530 1098 jus

279 1141 554 1228 pignoris
605 1162 727 1203 non
778 1139 1159 1225 spectavisse.
1259 1138 1432 1219 Quid
1481 1138 1712 1225 igitur?
1749 1149 1896 1225 puto
1930 1160 2033 1205 eos
2066 1140 2331 1205 voluisse
2365 1163 2529 1227 prae-

280 1270 386 1333 dia
433 1267 789 1354 subsignata
853 1265 1219 1352 reipublicae
1268 1265 1356 1330 ita
1403 1265 1670 1352 obligata
1718 1267 1907 1331 fuisse
1957 1279 2025 1331 ut
2073 1266 2207 1331 loco
2253 1267 2528 1355 pignoris

278 1396 550 1482 obligata
599 1418 722 1460 esse
777 1394 969 1459 videri
1020 1400 1273 1479 possent
1289 1420 1308 1473 3
1373 1416 1571 1480 neque
1620 1394 1772 1460 vitio
1824 1395 2216 1473 vertendum,
2284 1418 2383 1461 eos
2430 1396 2527 1483 jus

277 1548 402 1612 quo
468 1530 673 1590 utatu:
737 1522 1079 1609 respublica
1143 1520 1208 1586 in
1273 1522 1535 1608 praediis
1590 1521 1959 1609 subsignatis
2007 1523 2337 1589 contulisse
2386 1545 2527 1589 cum

273 1656 410 1741 ipso
451 1655 586 1739 jure
634 1651 941 1739 pignoris3
993 1674 1131 1716 nam
1167 1649 1243 1716 ad
1276 1651 1536 1737 speciem
1592 1652 2040 1737 pignorationis
2088 1651 2525 1738 obligationem

275 1782 551 1847 omnium
604 1781 900 1846 bonorum
949 1778 1292 1843 debitorum
1344 1784 1405 1843 et
1447 1779 1737 1886 praedpm
1773 1780 2053 1845 accedere
2095 1780 2219 1865 jam
2271 1780 2523 1859 monui,

275 1912 444 1996 quod
494 1912 556 1975 in
605 1908 782 1973 bonis
814 1907 1188 1994 subsignatis
1223 1907 1471 1971 omnino
1506 1908 1705 1972 verius
1740 1930 1870 1973 esse
1904 1908 2238 1995 apparebit.

467 2038 728 2124 Insuper
795 2042 1000 2100 tamen
1075 2041 1450 2113 statuerunt,
1541 2035 1891 2121 ubicunque
1964 2059 2103 2116 „res
2179 2034 2523 2124 obligatae”

275 2171 705 2243 memorentur,
759 2164 906 2229 haec
959 2163 1136 2228 verba
1185 2162 1271 2227 ita
1321 2184 1456 2227 esse
1503 2162 1897 2250 intelligenda
1945 2187 2016 2229 ac
2050 2164 2103 2228 si
2138 2186 2334 2229 sermo
2368 2171 2523 2229 esset

273 2296 353 2359 de
395 2294 532 2379 jure
579 2292 868 2380 pignoris„
918 2292 1119 2357 Nemo
1171 2290 1417 2377 negabit
1462 2313 1901 2377 nonnunquam
1955 2292 2065 2356 hac
2091 2293 2389 2357 sententia
2420 2292 2523 2357 illa

273 2421 458 2487 verba
507 2420 891 2506 accipienda,
936 2420 1072 2505 jure
1105 2419 1381 2505 pignoris
1428 2420 1594 2484 enim
1642 2442 1735 2483 res
1785 2419 2095 2505 obligatur
2110 2447 2126 2500 3
2157 2419 2301 2485 inde
2328 2443 2517 2506 quum

271 2550 350 2614 de
393 2550 530 2635 jure
579 2548 852 2635 pignoris
903 2554 1154 2635 agatur,
1223 2569 1460 2612 summo
1503 2548 1637 2634 jure
1684 2570 1777 2612 res
1826 2548 1890 2612 in
1940 2548 2163 2635 quibus
2212 2549 2312 2634 jus
2361 2548 2521 2613 illud

271 2680 674 2744 constitutum
711 2679 852 2755 sit,
921 2676 1222 2762 obligatae
1273 2676 1595 2758 dicuntur,
1667 2699 1865 2763 neque
1913 2682 2113 2742 tamen
2162 2699 2396 2764 semper
2444 2677 2520 2742 iis

273 2806 475 2870 verbis
542 2806 643 2890 jus
716 2805 990 2890 pignoris
1055 2804 1309 2868 indicari
1360 2805 1699 2890 complures
1750 2805 2009 2891 probant
2056 2805 2175 2870 loci
2223 2804 2329 2869 ubi
2380 2827 2520 2884 „res

271 2935 337 2998 in
387 2929 1089 3019 publicum'obligatae”
1140 2956 1173 2997 a
1223 2933 1448 3012 „rebus
1523 2931 1894 3019 pignoratis”
1954 2933 2417 3019 distinguuntur
2445 2934 2516 3018 ²).

270 3063 527 3128 Accedit
577 3062 739 3147 quod
787 3062 854 3124 in
905 3062 1034 3147 lege
1085 3060 1453 3125 Malacitana
1501 3083 1709 3125 omnes
1750 3061 2039 3146 praedum
2074 3083 2169 3125 res
2204 3083 2358 3145 quae
2392 3083 2515 3125 non

270 3191 705 3276 subsignantur
751 3188 1140 3274 „obligatae”
1183 3190 1310 3274 jam
1359 3189 1669 3254 dicuntur.

461 3322 836 3404 Argumenta
883 3318 1072 3404 igitur
1103 3318 1505 3404 interpretum
1557 3340 1651 3382 me
1700 3339 1941 3382 movere
1988 3339 2111 3383 non
2162 3325 2415 3405 possunt
2448 3325 2517 3382 ut

269 3469 481 3512 eorum
514 3447 872 3512 sententiam
923 3446 1271 3532 amplectar.
1324 3446 1441 3510 Sed
1475 3447 1738 3532 amplius
1774 3446 2214 3512 attendendum
2248 3446 2324 3510 ad
2360 3446 2516 3510 illud

263 3577 362 3661 jus
411 3574 686 3660 pignoris
735 3573 897 3658 quod
945 3573 1402 3660 subsignatione
1453 3575 1749 3640 constitui
1798 3575 2015 3639 volunt
2065 3575 2131 3638 in
2182 3574 2466 3660 praediiS.

457 3699 657 3764 Verba
707 3701 900 3778 enim,
952 3699 1175 3786 quibus
1225 3701 1317 3765 vir
1366 3701 1440 3765 cl.
1489 3721 1806 3766 Gonnsm'r
1847 3702 1949 3787 jus
2000 3700 2155 3765 illud
2204 3700 2511 3778 definivit,

269 3828 423 3894 mihi
495 3850 702 3892 ansam
767 3827 915 3893 dant
979 3829 1361 3914 quaestioni,
1438 3852 1585 3893 num
1657 3828 1936 3893 habuerit
2008 3827 2351 3913 respublica
2413 3829 2515 3913 jus

415 4069 456 4132 ¹)
529 4066 646 4116 Vide
681 4066 770 4130 leg.
809 4067 838 4115 9
875 4069 897 4128 §
936 4068 980 4116 1.
1019 4067 1081 4116 D.
1117 4068 1176 4116 de
1202 4068 1338 4130 μέρη.
1375 4067 1550 4128 (20.1.)
1590 4066 1683 4130 leg.
1724 4067 1896 4132 18.pr.
1918 4067 1974 4116 D.
1993 4066 2200 4132 depiqn.
2222 4071 2317 4116 act.
2342 4066 2514 4130 (13.7.)

265 4159 314 4204 et
348 4153 441 4218 leg.
483 4153 506 4201 1
547 4154 568 4212 §
609 4153 655 4200 2.
690 4151 749 4200 D.
785 4168 903 4216 quae
937 4167 1014 4200 res
1045 4153 1236 4217 piqnorz'
1271 4153 1443 4215 (90.3).
1500 4152 1684 4216 Regula
1719 4156 1875 4201 tamen
1917 4168 2058 4216 quam
2094 4165 2367 4201 BacflorEN
2403 4168 2511 4217 pro·

264 4238 427 4304 posuit
464 4237 762 4301 exceptiones
798 4237 999 4286 fortasse
1034 4253 1293 4304 perpaucas
1330 4237 1495 4296 habet,
1540 4237 1645 4286 vide
1684 4253 1725 4286 v,
1764 4251 1986 4296 RELLER,
2029 4237 2298 4287 Pandecten
2323 4254 2370 4303 p.
2396 4239 2515 4287 384.

412 4323 447 4383 2)
519 4321 636 4370 Vide
672 4321 762 4386 leg.
804 4323 862 4372 16
901 4325 922 4384 §
963 4324 1004 4372 1.
1044 4325 1104 4373 de
1129 4324 1266 4388 piqn.
1306 4327 1399 4372 act.
1435 4322 1607 4383 (13.7).
1644 4323 1734 4388 leg.
1778 4323 1837 4372 15
1866 4325 1924 4373 D.
1949 4324 2009 4372 de
2032 4324 2139 4372 dote
2160 4325 2309 4384 prael.
2340 4325 2513 4384 (33.4.)

258 4411 336 4460 De
386 4409 518 4458 varia
570 4407 912 4471 significatione
949 4426 1039 4475 qua
1079 4425 1168 4459 vox
1206 4409 1486 4474 „obligare”
1524 4409 1735 4460 occurrit
1771 4409 1820 4458 in
1857 4409 2096 4469 fontibus,
2138 4411 2205 4459 cf.
2243 4422 2515 4461 BAOHOFEN

262 4495 470 4561 Iffandr.
506 4510 556 4561 p.
593 4495 688 4544 225
725 4499 827 4546 not.
868 4497 912 4546 1.
