3027 5263
1361 617 1482 682 181

295 812 577 898 exigendi
634 813 966 898 plurimum
1039 812 1250 876 licenti
1307 810 1748 877 concedebatur
1760 837 1780 890 3
1835 835 2086 899 eamque
2130 813 2542 879 venditionem

289 945 399 1018 „in
472 941 767 1005 vacuum’'
833 962 960 1005 esse
1030 940 1254 1004 dictam
1329 947 1579 1025 putant,
1646 939 1930 1025 quoniam
2004 940 2068 1004 in
2137 939 2240 1004 illa
2296 941 2536 1006 nullum

290 1074 448 1132 esset
495 1069 759 1152 pretium
808 1067 1232 1153 praestitutum
1277 1067 1341 1151 ¹).

420 1195 583 1264 ‚Ius
654 1196 924 1282 pignoris
988 1196 1052 1259 in
1126 1194 1403 1280 praedia,
1470 1194 1523 1257 si
1571 1194 1640 1258 in
1690 1217 1946 1260 vacuum
1996 1197 2259 1278 veniret,
2333 1200 2540 1266 eadem

290 1323 650 1388 condicione
730 1323 1046 1388 venditum
1116 1345 1283 1402 esse,
1352 1322 1459 1407 qui
1523 1321 1978 1408 subsignatione
2043 1325 2195 1390 illud
2246 1329 2538 1394 constitui

292 1451 650 1530 voluerunt,
719 1451 1099 1515 contendunt
1122 1450 1171 1534 ²)
1184 1499 1197 1514 .

479 1579 787 1664 Imprimis
853 1584 1056 1642 autem
1124 1576 1331 1662 opinio
1372 1576 1478 1641 illa
1530 1576 1605 1642 de
1653 1577 2000 1642 venditione
2049 1580 2335 1666 praedam
2384 1583 2540 1647 mihi

288 1716 607 1794 propterea
653 1729 775 1770 non
824 1705 1049 1792 placet,
1100 1704 1384 1788 quoniam
1437 1703 1512 1768 ad
1563 1703 1732 1768 illam
1783 1704 2207 1771 stabiliendam
2257 1732 2330 1773 ex
2364 1709 2544 1775 fonti-

292 1834 410 1898 bus
480 1832 719 1898 nullum
783 1833 1199 1897 testimonium
1251 1829 1662 1916 allegaverunt
1709 1838 2006 1897 auctores.
2083 1834 2333 1901 Frustra
2382 1838 2542 1901 enim

290 1981 669 2027 znfflenMAN
696 1961 741 2045 ³)
778 1961 841 2024 in
875 1959 1008 2045 lege
1041 1959 1274 2044 agraria
1308 1957 1653 2044 exemplum
1685 1958 1826 2024 talis
1865 1961 2230 2026 venditionis
2264 1964 2541 2029 invenire

292 2090 491 2155 voluit
505 2116 523 2167 ;
590 2090 812 2175 legitur
863 2089 926 2151 in
976 2087 1191 2172 Capite
1242 2089 1327 2150 35
1383 2086 1564 2150 huius
1615 2086 1769 2172 legis
1803 2087 1890 2170 4);
1945 2089 2389 2177 „Quicumque
2437 2115 2546 2178 pro

290 2241 364 2283 eo
430 2240 601 2303 agro,
671 2218 831 2294 1000,
884 2215 1191 2294 aedificic,
1269 2215 1375 2298 qui
1427 2214 1491 2277 in
1540 2213 1744 2278 Africa
1793 2221 1922 2292 est,
1993 2217 2101 2301 qui
2150 2240 2321 2303 ager,
2379 2219 2550 2284 locus

293 2346 522 2410 Romae
571 2344 811 2429 publice
877 2343 1069 2406 veniit
1132 2342 1496 2420 venieritve,
1568 2342 1793 2427 populo
1843 2344 1972 2408 eive
2023 2346 2132 2429 qui
2183 2369 2252 2410 eo
2301 2348 2547 2412 nomine

294 2497 329 2538 a
377 2473 606 2559 populo
654 2471 1022 2536 mercabitur
1070 2470 1387 2556 pecuniam
1437 2469 1580 2533 dare
1630 2469 1909 2551 debebit,
1962 2495 2116 2557 quae
2165 2475 2426 2558 pecunia
2477 2476 2544 2538 in

292 2604 506 2671 diebus
540 2603 827 2690 proximis
876 2602 1097 2688 quibus
1146 2601 1198 2665 is
1247 2623 1387 2687 ager
1440 2600 1612 2665 locus
1665 2603 1770 2687 qui
1819 2602 1882 2667 in
1934 2603 2142 2668 Africa
2176 2611 2264 2669 est
2297 2605 2542 2691 publice

294 2734 547 2799 venierit
578 2732 805 2819 populo
838 2731 1035 2796 soluta
1066 2754 1187 2795 non
1225 2732 1371 2809 erit,
1405 2731 1456 2793 is
1491 2753 1600 2815 pro
1634 2753 1702 2795 eo
1739 2753 1881 2817 agro
1907 2731 2041 2796 loco
2068 2734 2136 2797 in
2165 2733 2379 2799 diebus
2413 2738 2541 2799 120

294 2863 588 2949 proximis
622 2884 689 2925 ea
721 2860 965 2947 praedia
998 2896 1091 2908 —
1125 2856 1549 2944 subsignat0.’'
1596 2858 1766 2939 Quid
1800 2858 1940 2923 inde
1973 2862 2289 2944 sequitur?
2339 2863 2544 2943 Nihil,

292 2991 544 3077 opinor,
579 2996 810 3075 praeter
857 2988 1005 3063 hoc,
1058 2987 1316 3073 emptori
1364 2988 1491 3072 agri
1527 2986 1756 3071 publici
1793 2986 1845 3049 si
1878 3009 2002 3050 non
2038 2988 2281 3053 solverit
2316 2992 2544 3075 populo

292 3121 424 3185 eive
474 3119 572 3183 cui
604 3118 865 3203 pretium
917 3116 1283 3202 exigendum
1332 3115 1596 3201 populus
1645 3115 1960 3179 locavisset
2009 3115 2051 3179 i.
2081 3138 2132 3179 e.
2187 3118 2547 3201 publican0‚

288 3248 541 3335 praedia
603 3245 1013 3331 subsignanda
1070 3267 1214 3307 esse.
1312 3244 1544 3307 Eodem
1596 3244 1794 3329 capite
1845 3243 2160 3321 docemur,
2210 3245 2259 3308 si
2311 3246 2375 3309 in
2424 3246 2550 3311 die-

287 3378 406 3443 bus
463 3379 589 3441 120
641 3375 928 3461 proximis
977 3374 1117 3437 inde
1158 3396 1191 3436 a
1226 3373 1322 3437 die
1359 3373 1725 3437 venditionis
1759 3373 1986 3457 populo
2039 3374 2162 3438 sive
2213 3375 2546 3459 publicano

286 3504 538 3590 praedes
602 3527 721 3567 non
790 3503 917 3567 dati
973 3508 1173 3566 essent
1222 3501 1298 3565 ab
1346 3507 1614 3585 emptore
1662 3523 1859 3585 neque
1901 3501 2144 3586 praedia
2192 3502 2548 3587 subsignata

286 3639 518 3710 essent,
570 3656 695 3695 rem
747 3637 1011 3717 emptam
1059 3631 1281 3693 iterum
1314 3629 1574 3714 pecunia
1606 3628 1908 3712 praesenti
1945 3628 2219 3693 veniisse.
2281 3630 2546 3716 Utroque

280 3762 425 3826 loco
489 3761 564 3825 de
610 3760 984 3847 praediatore
1034 3780 1228 3822 sermo
1286 3778 1415 3821 esse
1465 3778 1584 3819 non
1639 3761 1836 3841 potest
1883 3777 2080 3841 neque
2131 3756 2203 3821 de
2254 3758 2540 3843 praedum

443 4194 475 4256 ¹)
548 4195 663 4244 Vide
698 4205 1008 4243 zmnnnnm
1050 4193 1097 4242 in
1138 4193 1265 4243 Diu.
1300 4208 1349 4257 p.
1386 4190 1466 4243 47.
1540 4192 1784 4241 Runoarr
1831 4192 1961 4241 Rijm.
1997 4190 2211 4257 Rechtsy.
2251 4192 2306 4249 2,
2344 4206 2390 4256 p.
2428 4191 2550 4251 309,

294 4284 484 4333 Rrvmn
519 4281 567 4330 in
611 4280 697 4343 Op.
732 4283 765 4329 Ι.
801 4297 848 4345 p.
889 4280 979 4329 121
1023 4284 1068 4327 et
1107 4292 1366 4327 oouosnvr
1401 4278 1449 4326 in
1492 4279 1740 4327 Commeat.
1776 4278 1808 4326 l.
1847 4294 1895 4341 p.
1937 4277 2052 4326 565.

438 4368 477 4428 2)
548 4366 621 4415 cf.
662 4371 878 4414 auctores
914 4365 1133 4414 laudatos
1169 4368 1359 4429 praeter
1394 4376 1723 4413 mun-snum.

433 4450 475 4513 ³)
546 4451 605 4499 In
645 4452 775 4501 Diss.
812 4452 846 4500 1.
883 4466 931 4515 p.
968 4452 1059 4508 42,
1096 4452 1179 4499 43.

446 4536 490 4601 ⁴)
562 4536 836 4586 Secundum
872 4536 1224 4586 restitutionem
1262 4534 1351 4584 viri
1388 4534 1447 4585 cl.
1485 4546 1733 4585 nunonrr.
