3027 5263
1645 577 1773 638 134

584 777 942 845 Caesaribus
1032 774 1340 860 impertita
1428 774 1556 834 erat
1645 765 1963 852 praefectis
2061 766 2293 830 aerario
2365 771 2631 851 potestas
2712 789 2861 832 ven-

590 906 778 971 dendi
809 904 878 987 ¹).

777 1029 1062 1112 Denique
1109 1025 1334 1103 IIviri,
1388 1028 1457 1087 ut
1524 1020 1641 1085 hoc
1706 1023 2009 1104 postremo
2057 1018 2191 1083 loco
2240 1018 2497 1100 addam,
2549 1021 2852 1085 mandare

588 1164 846 1245 possunt
887 1153 1396 1242 jurisdictionem.
1491 1146 1831 1231 Singularis
1887 1166 2011 1209 non
2061 1150 2149 1208 est
2197 1145 2349 1209 haec
2394 1119 2655 1210 facultas
2691 1171 2849 1233 quae

587 1285 786 1350 IIviro
838 1284 1051 1368 Capite
1105 1284 1187 1344 25
1243 1279 1397 1363 legis
1447 1276 1851 1360 Salpensanae
1900 1271 2283 1349 conceditur,
2336 1294 2475 1336 eum
2523 1274 2695 1338 enim
2739 1277 2849 1359 qui

582 1411 1067 1498 jurisdictionem
1116 1405 1363 1471 haberet
1395 1426 1508 1468 suo
1552 1404 1722 1487 jure,
1769 1400 1939 1465 illam
1972 1421 2215 1486 quoque
2250 1400 2535 1467 mandare
2566 1403 2845 1488 potuisse

589 1560 754 1602 more
817 1536 1110 1620 majorum
1167 1538 1295 1597 erat
1359 1534 1781 1614 comparatum
1807 1527 1879 1611 2).
1980 1526 2073 1590 De
2137 1526 2213 1590 iis
2278 1525 2501 1610 quibus
2546 1528 2847 1596 mandant

583 1663 1072 1749 jurisdictionem
1119 1658 1305 1724 IIviri
1355 1678 1522 1721 nunc
1569 1653 1754 1719 verba
1800 1650 2078 1718 facienda
2126 1659 2289 1717 sunt.

1614 1888 1814 1899 ..-.-—.-—-

1373 2162 1412 2237 ᾧ
1451 2161 1508 2227 2.
1593 2162 1680 2221 De
1716 2158 2065 2225 meotis.

782 2420 1077 2486 Praefecti
1151 2419 1612 2483 extraordinarii
1683 2424 1827 2483 sunt
1898 2418 2290 2504 magistratus
2363 2418 2426 2482 in
2493 2421 2837 2506 municipiis

595 2549 857 2627 Flaviis3
888 2570 1095 2613 eorum
1121 2547 1242 2611 duo
1270 2570 1488 2634 genera
1513 2548 1580 2611 in
1603 2548 1737 2634 lege
1763 2547 2134 2631 Salpensana
2159 2553 2588 2629 memorantur,
2618 2550 2839 2614 etenim

595 2679 764 2743 iuxta
813 2677 1151 2761 praefectos
1183 2675 1366 2739 Hviri
1411 2677 1510 2740 lex
1557 2675 1801 2740 illorum
1850 2696 2094 2759 quoque
2144 2675 2419 2739 meminit
2468 2664 2574 2760 qui
2607 2676 2679 2740 ab
2718 2676 2838 2741 Im·

589 2809 867 2891 peratore
913 2802 1181 2867 instituti
1231 2808 1431 2866 essent
1451 2827 1470 2880 3
1522 2825 1599 2866 ne
1641 2825 1779 2867 vero
1807 2802 1873 2866 hi
1900 2801 2348 2866 confundantur
2378 2803 2668 2886 praefecti
2698 2825 2832 2868 cum

598 2930 676 2996 iis
726 2929 834 3012 qui
882 2927 1028 2992 alibi
1078 2927 1386 3012 aliumque
1420 2929 1486 2991 in
1520 2928 1703 2992 finem
1754 2928 2291 3007 constituerentur,
2339 2949 2533 3013 pauca
2566 2930 2837 2995 universa

600 3058 675 3122 de
722 3055 1042 3142 praefectis
1088 3055 1206 3118 hoc
1252 3054 1390 3118 loco
1438 3053 1703 3118 inserere
1744 3055 1935 3139 juvat.

787 3182 949 3246 Sunt
1022 3189 1226 3246 autem
1276 3187 1537 3266 quatuor
1586 3203 1805 3266 genera
1853 3181 2295 3266 praefectorum
2340 3182 2831 3268 municipalium3

600 3309 674 3373 de
746 3309 859 3372 hac
924 3330 985 3371 re
1051 3309 1446 3373 consentiunt
1513 3331 1723 3373 omnes
1781 3309 1900 3373 fere
1948 3309 2311 3394 interpretes
2358 3315 2497 3394 post
2546 3311 2839 3396 egregiam

598 3435 1168 3501 commentationem
1219 3457 1402 3519 quam
1450 3435 1526 3499 de
1575 3435 1895 3521 praefectis
1943 3435 2184 3518 scripsit
2233 3435 2325 3498 vir
2373 3436 2445 3500 cl.
2495 3457 2698 3502 zUMP'r
2720 3437 2791 3522 ⁸).

787 3562 887 3627 Ad
958 3563 1220 3648 primum
1271 3585 1458 3647 genus
1506 3561 1851 3626 referuntur
1900 3561 2007 3645 qui
2058 3583 2095 3624 a
2141 3567 2413 3646 praetore
2457 3563 2523 3626 in
2572 3564 2837 3631 civitates

594 3693 1031 3772 mittebantur,
1085 3692 1248 3756 unde
1295 3692 1709 3778 praefecturae
1757 3690 2093 3776 appellatae
2140 3695 2304 3755 sunt.
2340 3689 2391 3776 4)

739 3986 774 4044 ¹)
844 3984 964 4033 Vide
999 3985 1115 4049 Cap.
1155 3986 1219 4034 64
1253 3987 1343 4050 leq.
1380 3987 1500 4035 Mal.
1537 3988 1585 4034 et
1622 3997 1837 4036 summu.
1871 3987 1923 4035 in
1956 3986 2055 4036 vita
2096 3985 2288 4035 Claudii
2322 3985 2441 4049 Cap.
2477 3987 2527 4037 9.

733 4069 776 4129 2)
851 4066 965 4116 Vide
1001 4068 1091 4132 leg.
1130 4070 1156 4115 5
1195 4070 1257 4119 D.
1293 4070 1352 4118 de
1372 4070 1531 4132 jur-id.
1567 4070 1701 4129 (2.1.)

736 4151 776 4214 ³)
842 4151 901 4200 In
943 4154 1332 4202 Commentatione
1364 4155 1623 4218 Epiqraph.
1658 4153 1709 4213 1,
1737 4170 1786 4217 p.
1826 4153 2043 4204 50-69.

734 4235 778 4298 4)
847 4237 919 4285 De
954 4237 1048 4285 illis
1085 4238 1312 4288 disserere
1348 4239 1492 4287 huius
1531 4239 1624 4288 loci
1663 4255 1761 4288 non
1798 4243 1893 4298 est;
1933 4239 2137 4288 sufficiat
2174 4238 2385 4288 indicare
2421 4241 2643 4290 auctores
2678 4243 2832 4306 quide

597 4322 692 4372 hoc
728 4325 1008 4385 argumento
1045 4325 1251 4372 conferri
1286 4327 1545 4381 merentur,
1587 4324 1714 4372 inter
1748 4339 1868 4388 quos
1905 4324 2011 4372 vide
2048 4337 2091 4373 c.
2118 4338 2165 4373 e.
2205 4337 2371 4372 zuur'r
2406 4324 2457 4372 iu
2498 4325 2664 4376 Comm.
2699 4342 2833 4394 supra

595 4405 724 4456 laud.
780 4406 916 4455 Actia
966 4407 1129 4457 Berol.
1182 4409 1362 4458 inserta
1397 4425 1444 4473 p.
1483 4409 1781 4468 115-120,
1832 4412 1881 4458 et
1914 4419 2081 4458 raum
2126 4409 2609 4473 Rea-Encyclopedie
2643 4409 2690 4458 in
2725 4427 2831 4463 voce

601 4489 979 4556 „Praefectura”
1014 4492 1094 4554 qui
1130 4493 1403 4542 summatim
1427 4494 1471 4542 ei
1495 4493 1781 4557 assentitur-3
1807 4494 1865 4543 cf.
1906 4509 2099 4557 quoque
2122 4507 2313 4543 »ποις
2348 4492 2398 4541 in
2428 4492 2519 4556 Op.
2541 4495 2576 4542 Ζ.
2602 4509 2651 4558 p.
2679 4495 2831 4548 1920.
