3027 5263
1392 590 1525 652 203

322 785 564 850 Latinis
631 789 985 868 peragatur,
1053 782 1119 846 in
1165 782 1297 867 lege
1344 781 1714 866 Salpensana
1756 787 1960 846 tamen
2019 781 2190 866 plura
2249 784 2576 844 occurrunt

327 935 482 999 quae
533 918 765 976 notasse
816 933 1030 996 operae
1078 911 1349 995 pretium
1397 917 1510 974 est.

516 1040 977 1126 Explorandum
1029 1045 1339 1124 superest,
1392 1041 1497 1124 qui
1548 1039 1974 1102 manumittere
2007 1037 2121 1102 hac
2171 1037 2404 1102 ratione
2455 1058 2579 1100 non

324 1170 595 1256 possint,
650 1175 709 1232 et
737 1190 859 1252 quo
880 1168 1017 1252 jure
1058 1167 1183 1232 sint
1214 1166 1528 1244 libertini,
1579 1167 1810 1230 ratione
1844 1188 2088 1251 quoque
2125 1165 2334 1229 habita
2371 1187 2576 1228 manu-

330 1297 735 1362 mittentium.

518 1425 715 1510 Supra
758 1425 885 1508 jam
938 1421 1339 1487 animadverti
1387 1421 1616 1487 incolas
1665 1444 1910 1508 prorsus
1959 1419 2307 1508 prohiberi,
2345 1419 2578 1504 quomi-

328 1575 447 1616 nus
520 1551 681 1637 apud
758 1551 987 1616 IIviros
1038 1549 1475 1614 manumittant
1498 1598 1517 1627 ,
1584 1549 1734 1613 aliae
1785 1571 1924 1614 vero
1974 1571 2264 1634 personae
2331 1548 2394 1612 in
2444 1546 2578 1632 lege

330 1681 703 1767 Salpensana
752 1684 1159 1744 memorantur
1209 1700 1362 1762 quae
1388 1725 1407 1754 ‚
1461 1679 1574 1742 etsi
1626 1678 1874 1742 omnino
1924 1699 2046 1742 non
2095 1676 2576 1763 prohibeantur,

334 1817 539 1873 tamen
588 1830 698 1870 suo
748 1807 947 1871 Marte
999 1806 1422 1869 manumittere
1470 1827 1596 1869 non
1644 1811 1922 1890 possunt.

518 1934 665 1999 Non
712 1933 853 2000 licet
902 1933 1063 1997 enim
1112 1931 1356 1996 mulieri
1389 1933 1431 2017 ¹)
1486 1931 1580 1996 vel
1628 1932 1864 2016 pupillo
1899 1931 2026 1996 sine
2061 1937 2262 1996 tutore
2297 1935 2582 2008 auctore3

330 2084 456 2127 non
506 2063 645 2126 licet
696 2062 914 2127 minori
970 2064 1051 2124 20
1093 2083 1389 2125 annorum
1438 2060 1556 2124 nisi
1606 2082 1786 2125 causa
1835 2059 1909 2123 ab
1959 2059 2170 2123 ordine
2221 2057 2581 2144 municipali

334 2189 605 2275 probata.

522 2317 596 2381 In
646 2315 853 2382 eadem
900 2337 1077 2380 causa
1124 2314 1344 2379 tutoris
1394 2315 1752 2380 auctoritate
1802 2313 2156 2400 indigebant
2191 2312 2412 2399 pupilli
2433 2313 2575 2398 jure

478 2812 513 2871 1)
582 2809 650 2858 Ut
686 2808 839 2856 obiter
875 2806 1244 2855 animadvertam
1284 2808 1409 2871 quod
1448 2811 1610 2870 postea
1649 2808 1797 2856 fusius
1821 2809 2163 2874 explicabitur,
2202 2808 2404 2858 tutelam
2439 2822 2584 2856 sexus

333 2897 593 2961 Salpensae
624 2894 745 2957 juris
782 2892 923 2941 tuisse
960 2898 1175 2955 tempore
1214 2904 1511 2949 DOMI'HASI,
1555 2908 1610 2940 ex
1647 2892 1736 2940 hoc
1774 2893 1941 2956 Capite
1979 2897 2189 2957 apparet.
2229 2894 2302 2943 Ad
2343 2894 2484 2941 verba
2512 2898 2581 2941 ta·

334 2998 444 3031 men
482 2995 603 3043 quae
637 2980 726 3027 hoc
764 2978 960 3025 docent:
1004 2978 1210 3035 „dumne
1246 2992 1365 3040 quae
1404 2978 1537 3039 virgo
1580 2978 1748 3025 mulier
1789 2978 1889 3025 sine
1910 2983 2066 3025 tutore
2106 2982 2298 3026 auctore
2323 2979 2578 3026 manumit-

330 3067 459 3123 taff,
498 3066 571 3111 vir
596 3079 725 3112 cons.
764 3076 927 3111 asnaa
963 3062 1055 3109 duo
1095 3063 1301 3119 notavit3
1340 3078 1385 3125 p.
1430 3064 1522 3110 123
1566 3064 1813 3110 Commeat.
1851 3064 1974 3111 enim
2013 3062 2154 3112 dixit:
2194 3062 2274 3121 „Si
2311 3078 2364 3111 ce
2413 3078 2502 3125 que
2528 3078 2580 3110 66

331 3166 529 3217 passage
572 3150 751 3198 affirme
782 3146 896 3196 etait
934 3148 1055 3204 vrai,
1088 3163 1207 3195 nous
1243 3148 1435 3195 nurious
1473 3148 1532 3195 ici
1571 3164 1660 3195 une
1699 3148 1762 3195 loi
1801 3149 1863 3196 du
1913 3152 2063 3211 temps
2113 3148 2170 3195 (16
2207 3148 2448 3197 Domitieu
2499 3148 2584 3210 qui

332 3234 588 3285 donnerait
623 3249 681 3281 en
724 3233 942 3297 Espagne
978 3231 1036 3279 de
1074 3230 1319 3279 nouvelles
1354 3232 1507 3279 forces
1545 3231 1573 3280 ὃ,
1607 3248 1698 3280 666
1724 3230 1994 3280 institution
2019 3230 2128 3296 deja
2151 3248 2350 3297 presque
2369 3230 2582 3295 comple·

332 3323 517 3369 tement
540 3315 783 3367 §moussee
806 3314 834 3364 a
861 3316 1009 3364 Rome
1036 3322 1143 3363 cent
1180 3316 1433 3379 cinquante
1472 3332 1555 3364 ans
1591 3316 1943 3381 auparavant,'’
1984 3321 2031 3365 ct
2068 3316 2210 3381 paulo
2247 3322 2381 3381 post:
2421 3317 2584 3375 „C’est

336 3404 603 3469 cependant
652 3401 701 3451 la
736 3403 903 3465 (magis
924 3416 1133 3449 severam
1173 3417 1273 3448 esse
1318 3402 1518 3449 tutelam
1561 3418 1680 3465 quae
1721 3405 2010 3450 memoretur
2051 3403 2097 3449 in
2143 3403 2244 3463 lege
2285 3400 2413 3465 Salp.
2443 3417 2584 3465 quam

331 3506 439 3540 eam
476 3504 593 3551 quae
628 3488 677 3536 in
711 3487 816 3549 jure
854 3487 1069 3535 Romano
1107 3486 1379 3548 invaluerit)
1418 3502 1471 3535 66
1507 3503 1599 3550 que
1637 3486 1832 3550 pretend
1871 3487 1914 3534 le
1946 3502 2140 3549 passage
2177 3488 2237 3535 de
2275 3488 2318 3534 la
2347 3486 2496 3535 Table
2525 3487 2584 3535 de

332 3574 584 3640 Salpensa;
624 3588 704 3621 car
739 3570 769 3619 a
803 3572 957 3619 Rome
995 3570 1057 3619 ou
1092 3586 1151 3618 au
1190 3575 1341 3634 temps
1378 3570 1436 3617 de
1455 3570 1734 3633 l’empirela
1754 3572 1920 3619 tutelle
1945 3572 2026 3620 des
2047 3572 2240 3620 femmes
2259 3570 2425 3621 n’etait
2450 3588 2580 3636 pres·

332 3675 426 3724 que
462 3658 635 3722 qu’une
673 3658 811 3705 vaine
849 3654 1103 3713 for-melite,
1145 3654 1387 3704 l’autorite
1422 3656 1485 3703 du
1512 3660 1673 3705 tuteur
1694 3654 1858 3705 n'etait
1882 3657 2066 3720 requise
2091 3672 2181 3719 que
2209 3672 2330 3721 pour
2355 3656 2422 3704 les
2449 3660 2582 3704 actes

332 3740 581 3793 enumeres
618 3757 704 3805 par
737 3740 913 3803 Ulpien
952 3741 1041 3788 11:
1082 3738 1161 3789 27.
1230 3739 1301 3787 La
1335 3740 1678 3788 manumission
1726 3741 1784 3789 de
1819 3741 1865 3788 la
1903 3741 1967 3789 loi
2015 3740 2160 3789 Junia
2196 3739 2520 3805 n’appartient
2553 3738 2584 3789 a

331 3844 489 3879 aucun
528 3828 585 3875 de
624 3842 701 3875 666
736 3829 864 3875 actes
901 3824 983 3889 qui
1018 3828 1129 3873 sont
1166 3829 1273 3873 tous
1310 3825 1367 3873 de
1404 3826 1606 3874 l’ancien
1638 3826 1718 3889 jus
1757 3826 1945 3877 civile.'’

473 3912 545 3962 1⁰.
616 3912 836 3961 Concedo
872 3911 1129 3959 Caesarum
1165 3914 1378 3975 tempore
1416 3911 1614 3959 tutelam
1651 3926 1790 3960 sexus
1825 3912 1942 3961 dicis
1978 3912 2131 3976 gratia
2167 3914 2356 3960 tantum
2393 3910 2580 3960 adhibi·

329 4004 432 4047 tam
486 4013 612 4055 esse3
662 4012 813 4059 neque
859 4000 1015 4045 tamen
1074 3996 1163 4044 hoc
1212 3996 1399 4053 obstat,
1435 3996 1690 4059 quominus
1728 4012 1783 4045 eo
1820 3996 1922 4061 ipso
1961 4000 2176 4061 tempore
2212 3996 2464 4045 mulierum
2501 3998 2580 4044 tu-

332 4082 432 4133 tela
468 4098 588 4145 quae
622 4080 888 4145 antiquitus
908 4080 1130 4142 fortasse
1164 4082 1416 4141 Salpensae
1460 4082 1638 4144 viquit,
1674 4080 1777 4144 lege
1811 4082 2191 4133 confirmaretur.
2264 4082 2470 4130 Romani
2509 4097 2582 4129 re-

330 4168 515 4233 spicere
550 4166 769 4215 solebant
802 4165 861 4214 ad
893 4166 971 4229 jus
1006 4165 1329 4229 cuiuscunque
1366 4166 1596 4226 civitatis3
1635 4166 1742 4215 vide
1778 4166 1872 4231 leg.
1911 4168 1938 4213 5
1977 4168 1999 4227 ς
2037 4160 2084 4216 1.
2123 4168 2184 4216 D.
2220 4167 2279 4215 de
2299 4166 2418 4230 jure
2453 4168 2580 4214 imm.

329 4252 507 4315 (50.6).

470 4334 542 4385 2⁰.
612 4336 871 4384 Auctorem
906 4335 1028 4399 fugit
1066 4336 1221 4400 Caput
1258 4337 1319 4384 28
1358 4336 1475 4399 legis
1508 4336 1639 4402 Salp.
1675 4340 1890 4401 spectare
1925 4337 1987 4386 ad
2017 4336 2243 4396 LatinoS,
2269 4352 2422 4401 neque
2441 4352 2578 4402 repu-

328 4421 457 4473 tavit
490 4421 540 4471 in
576 4421 799 4470 omnibus
830 4421 909 4484 jus
943 4420 1221 4471 Latinorum
1254 4422 1349 4485 juri
1386 4424 1606 4472 Romano
1643 4423 1970 4473 assimulatum
2007 4439 2106 4472 non
2145 4423 2306 4473 fuisse.

470 4504 541 4555 3⁰.
614 4506 685 4555 De
720 4505 1091 4557 manumissione
1128 4506 1243 4571 legis
1278 4507 1453 4557 Juniae
1491 4522 1687 4574 prorsus
1723 4524 1878 4557 sermo
1916 4524 2016 4558 6666
2053 4508 2219 4575 nequit
2254 4508 2346 4557 hoc
2383 4507 2506 4559 1666.
