3027 5263
1634 603 1719 663 32

561 798 807 864 nomine
855 794 1147 881 appellari
1195 793 1471 879 potuisse
1519 789 1787 878 negabit.
1886 788 2081 854 Urbes
2131 812 2273 876 ergo
2322 789 2606 869 fuerunt,
2646 814 2812 876 quae

560 925 837 1012 quamvis
889 923 1145 988 Latinae
1195 929 1398 986 essent
1450 919 1781 1004 municipia
1830 918 2225 982 vocabantur.
2284 917 2605 982 Praeterea
2654 941 2815 1004 quo-

561 1074 680 1137 que
752 1049 1000 1135 vestigia
1071 1047 1540 1132 municipiorum
1611 1045 1969 1110 Latinorum
2042 1046 2111 1108 in
2176 1045 2526 1110 auc-toribus
2594 1046 2813 1110 adesse

558 1185 748 1266 put03
799 1177 1094 1262 conjicere
1143 1177 1303 1240 enim
1353 1175 1494 1238 licet
1542 1174 1704 1238 inter
1738 1172 2074 1257 municipia
2105 1173 2415 1252 fundana,
2470 1173 2543 1236 de
2578 1173 2812 1258 quibus

559 1328 750 1371 sermo
799 1310 887 1368 est
936 1305 998 1368 in
1050 1303 1263 1388 Capite
1314 1302 1528 1365 ultimo
1579 1300 1731 1386 legis
1780 1300 1981 1364 Juliae
2032 1300 2421 1386 municipalis
2468 1301 2813 1387 municipia

558 1431 783 1498 Latina
829 1431 1028 1494 fuisse.
1088 1429 1348 1493 Necesse
1398 1450 1527 1491 esse
1577 1426 1816 1491 videtur
1864 1431 1934 1488 ut
1981 1425 2196 1489 addam
2230 1448 2351 1508 quo
2400 1426 2811 1492 fundamento

560 1558 710 1624 haec
759 1557 1100 1642 conjectura
1148 1556 1395 1619 nitatur.

747 1686 1016 1770 Apparet
1079 1705 1154 1746 ex
1217 1681 1350 1765 lege
1413 1679 1585 1743 Julia
1652 1679 2008 1763 municipali
2074 1701 2109 1742 a
2156 1679 2507 1765 municipiis
2582 1681 2810 1746 civium

559 1811 974 1875 Romanorum
1039 1807 1337 1893 distingui
1385 1807 1717 1891 municipia
1766 1807 2035 1870 fundana
2051 1833 2069 1885 ;
2124 1829 2245 1890 quo
2294 1807 2548 1871 nomine
2598 1811 2808 1894 appel-

561 1937 766 2002 lantur
846 1959 948 2012 ea,
1032 1956 1294 2020 quorum
1375 1933 1535 1998 cives
1604 1933 1783 1996 fundi
1856 1933 2000 1996 facti
2092 1939 2236 1998 sunt
2307 1933 2515 2018 legum
2588 1935 2811 2000 Roma-

561 2085 797 2128 narum.
896 2063 992 2126 Ex
1057 2062 1131 2126 iis
1197 2065 1396 2126 autem
1462 2083 1617 2146 quae
1682 2082 1863 2146 supra
1922 2061 2047 2145 jam
2114 2059 2453 2146 disputavi,
2518 2062 2627 2126 ubi
2675 2063 2809 2149 lege

560 2189 728 2254 Julia
777 2195 836 2254 et
883 2189 1126 2253 Plautia
1177 2188 1418 2273 Papiria
1468 2187 1751 2251 omnibus
1800 2186 2015 2252 Italiae
2065 2188 2305 2272 oppidis
2341 2189 2650 2254 civitatem
2685 2190 2809 2254 Ro-

560 2340 800 2383 manam
867 2316 1131 2382 oblatam
1199 2339 1325 2382 esse
1388 2316 1688 2392 indicavi,
1765 2315 1977 2401 procul
2027 2315 2212 2379 dubio
2263 2317 2539 2401 sequitur
2588 2317 2801 2382 omnia

561 2445 897 2528 municipia
945 2445 1166 2508 civium
1213 2444 1629 2508 Romanorum
1675 2449 1888 2528 utpote
1938 2464 2197 2527 quorum
2248 2443 2406 2508 cives
2446 2443 2628 2508 fundi
2659 2443 2809 2509 facti

561 2570 687 2635 sint
733 2570 886 2657 legis
933 2571 1136 2651 illius,
1187 2592 1309 2657 qua
1357 2571 1432 2635 iis
1481 2570 1693 2635 civitas
1742 2570 1882 2634 data
1930 2575 2053 2647 est,
2104 2575 2267 2635 recte
2316 2569 2435 2635 dici
2471 2593 2645 2657 posse
2672 2571 2807 2637 fun-

563 2698 759 2777 dana3
827 2722 967 2763 cum
1033 2704 1236 2763 autem
1302 2722 1335 2763 a
1401 2697 1755 2783 municipiis
1822 2696 2045 2762 civium
2100 2695 2544 2775 Romanorum,
2599 2699 2695 2762 uti
2744 2700 2809 2763 in

555 2827 690 2912 lege
735 2826 904 2891 Julia
952 2825 1342 2912 municipali,
1396 2826 1863 2911 distinguantur
1896 2824 2232 2911 municipia
2265 2825 2563 2902 fundana,
2621 2849 2806 2911 appa·

557 2960 651 3019 ret
699 2978 768 3019 ea
816 2978 958 3021 sane
1006 2977 1132 3019 non
1180 2955 1392 3019 eodem
1441 2953 1619 3019 modo
1669 2952 1959 3039 appellari
1990 2952 2261 3015 fundana
2294 2975 2415 3037 quo
2444 2958 2678 3017 caetera
2711 2954 2795 3018 ita

559 3082 848 3169 appellari
897 3084 1258 3168 potuissent.
1358 3082 1424 3145 Si
1473 3104 1649 3165 porro
1699 3087 2011 3144 teneamus
2044 3081 2381 3165 municipia
2423 3081 2651 3145 civium
2684 3081 2804 3145 Ro-

558 3231 875 3275 manorum
922 3231 1028 3293 per
1077 3232 1138 3273 se
1185 3208 1318 3293 lege
1367 3232 1402 3271 a
1451 3207 1681 3291 populo
1728 3207 2001 3272 Romano
2050 3207 2174 3271 lata
2218 3208 2507 3272 adstricta
2556 3230 2685 3274 esse
2718 3208 2803 3273 ita

557 3341 630 3401 ut
675 3357 802 3398 non
852 3355 1006 3418 opus
1053 3338 1133 3397 sit
1183 3340 1250 3397 ut
1295 3333 1470 3397 fundi
1520 3334 1671 3397 fiant
1718 3333 1877 3397 cives
1938 3335 2001 3397 in
2052 3334 2235 3398 talem
2284 3334 2519 3420 legem,
2570 3356 2667 3397 me
2710 3334 2801 3420 ju-

561 3462 695 3527 dice
745 3483 864 3548 qua
913 3462 1212 3525 sententia
1259 3461 1596 3546 municipia
1644 3461 1709 3524 in
1759 3460 1891 3545 lege
1938 3460 2105 3524 Julia
2132 3460 2401 3525 fundana
2437 3467 2653 3525 vocata
2686 3462 2806 3526 sint

557 3590 624 3656 in
672 3588 880 3654 oculos
929 3588 1188 3654 incurrit
1204 3616 1223 3669 3
1276 3589 1363 3653 ibi
1413 3590 1575 3653 enim
1622 3588 1881 3673 spectari
1930 3588 2170 3651 videtur
2218 3588 2295 3653 ad
2345 3612 2415 3653 ea
2462 3588 2801 3673 municipia

560 3740 714 3801 quae
762 3716 885 3781 nisi
933 3740 1032 3781 eas
1081 3718 1420 3801 acciperent
1466 3716 1703 3803 legibus
1743 3716 2031 3781 Romanis
2064 3738 2190 3779 non
2222 3721 2591 3781 tenerentur.

609 3806 636 3837 a
746 3844 841 3907 De
888 3844 1237 3929 municipiis
1288 3843 1549 3929 denique
1598 3842 1776 3906 credo
1825 3841 1931 3905 illo
1979 3840 2116 3905 loco
2174 3840 2273 3924 agi
2322 3864 2475 3925 quae
2522 3862 2648 3903 non
2682 3841 2805 3903 sint

560 3970 786 4035 civium
837 3970 1282 4050 Romanorum3
1335 3973 1494 4036 inter
1543 3994 1612 4035 ea
1660 3971 1881 4035 Latina
1896 3971 2106 4055 fuisse
2148 3978 2397 4050 possunt
2431 3976 2491 4034 et
2525 3970 2801 4055 quamvis

564 4103 727 4161 certo
775 4098 962 4162 statui
1011 4106 1306 4184 nequeat,
1361 4122 1575 4176 nem0‚
1614 4097 1890 4163 adhibito
1923 4096 2157 4162 lumine
2184 4098 2397 4161 harum
2423 4095 2801 4173 tabularum,

565 4223 716 4308 quin
765 4225 1021 4305 fuerint,
1073 4226 1377 4292 dubitabit
1419 4227 1480 4310 ¹).

711 4397 746 4460 ¹)
813 4400 1039 4449 Pluribus
1085 4402 1144 4451 de
1189 4402 1461 4466 municipiis
1507 4400 1727 4452 fundanis
1774 4403 1990 4465 egerunt.
2057 4400 2114 4449 F.
2150 4411 2287 4447 Rom
2335 4397 2386 4445 in
2424 4396 2607 4461 Opere:
2647 4396 2725 4445 De
2756 4410 2810 4445 re

565 4483 836 4547 municipali
869 4487 1200 4548 Romanorum,
1239 4489 1478 4551 Stuttgart
1497 4488 1653 4546 1801,
1694 4504 1739 4552 p.
1768 4486 1968 4535 10-12
1993 4488 2042 4533 et
2078 4484 2133 4535 Ο.
2157 4483 2231 4532 W.
2258 4483 2516 4533 Gow‘rmno
2536 4480 2596 4530 'in
2624 4478 2804 4545 Operm
