3027 5263
1346 561 1477 622 219

461 754 751 818 Feminae
824 754 986 818 enim
1059 776 1213 838 quae
1264 752 1569 816 civitatem
1619 753 1956 817 Romanam
2017 757 2343 816 consecuta
2401 755 2548 816 erat·

270 882 383 944 hae
431 881 561 966 lege
610 881 904 945 tribuitur
940 882 1091 965 ·„jus
1141 881 1359 944 tutoris
1411 880 1662 964 optandi
1714 881 1880 964 quod
1931 879 2178 944 haberet
2230 880 2283 942 si
2327 901 2362 942 a
2395 880 2524 942 cive

269 1007 547 1072 Romano
613 1015 781 1072 ortus
832 1015 959 1071 orta
1001 1008 1078 1093 ¹),
1132 1029 1329 1091 neque
1395 1007 1640 1071 civitate
1699 1014 1968 1070 mutatus
2019 1015 2254 1070 mutata
2304 1004 2522 1070 esset''.

269 1137 369 1200 Ex
444 1137 605 1199 hisce
673 1136 869 1199 verbis
920 1135 1093 1219 sequi
1140 1141 1290 1219 puto
1346 1135 1564 1198 tutoris
1613 1134 1924 1219 optionem
1977 1157 2098 1197 non
2150 1135 2338 1197 fuisse
2393 1134 2526 1198 effe·

272 1270 440 1326 ctum
516 1283 731 1330 manus
806 1261 1062 1325 Latinae
1080 1287 1099 1338 3
1182 1261 1519 1345 complures
1595 1273 1796 1325 tamen
1871 1264 2232 1346 interpretes
2295 1261 2400 1344 qui
2453 1259 2528 1323 de

270 1391 389 1454 hac
437 1413 500 1454 re
570 1391 936 1474 scripserunt
988 1389 1036 1474 2)
1120 1390 1484 1452 eontrarium
1553 1389 1905 1454 docuerunt.
1979 1387 1983 1391 ’
2033 1390 2271 1454 Horum
2321 1395 2522 1453 autem

271 1518 575 1581 sententia
650 1539 921 1602 pugnare
994 1516 1234 1581 videtur
1308 1539 1447 1580 cum
1521 1518 1674 1602 ipsis
1740 1518 1892 1603 legis
1952 1517 2180 1594 verbis3
2257 1516 2310 1579 si
2359 1518 2522 1580 enim

418 1729 452 1792 ¹)
522 1730 832 1778 Iunonum
866 1729 919 1776 in
956 1727 1143 1792 Opere:
1178 1730 1246 1776 les
1285 1728 1467 1786 Tables,
1510 1745 1559 1792 p.
1599 1729 1660 1778 19
1697 1727 2064 1786 animadvertit,
2103 1729 2152 1777 in
2189 1728 2291 1792 lege
2327 1727 2525 1793 Salpen-

272 1830 387 1862 sana
428 1814 567 1862 etiam
608 1814 822 1878 personis
859 1813 1107 1862 masculini
1154 1814 1371 1878 generis,
1413 1813 1564 1877 igitur
1612 1814 1810 1878 pupillis
1847 1813 2121 1862 masculinis
2159 1814 2334 1862 tutoris
2373 1813 2526 1876 optio·

272 1915 383 1947 nem
422 1899 633 1947 concedi.
704 1901 857 1947 Acute
906 1911 1097 1946 emano
1134 1898 1183 1946 in
1226 1899 1471 1946 Commeat.
1508 1899 1643 1948 laud.
1687 1915 1734 1962 p.
1783 1899 1898 1946 320.
1947 1897 2318 1956 animadvertit,
2356 1898 2524 1946 eodem

271 1984 417 2032 modo
456 1984 547 2031 dici
584 1999 723 2048 posse
762 1998 987 2052 personas
1025 1983 1276 2031 masculini
1313 1984 1498 2047 generis
1537 1984 1798 2032 secundum
1836 1984 1992 2048 Caput
2029 1983 2091 2030 22
2131 1984 2178 2030 iu
2215 1999 2358 2032 manu
2384 1983 2526 2031 fuisse

270 2084 382 2116 cum
430 2068 660 2131 scriptum
697 2069 763 2116 ibi
799 2068 1094 2116 inveniatur:
1136 2067 1215 2125 „Is
1252 2084 1306 2115 ea
1342 2069 1387 2115 16
1428 2093 1494 2104 -
1532 2071 1767 2132 potestate
1805 2083 1944 2115 manu
1998 2069 2232 2132 mancipio
2274 2096 2330 2104 -
2371 2066 2528 2116 esto.''

270 2151 431 2200 Verba
486 2155 645 2200 tamen
682 2152 799 2216 legis
836 2159 1003 2210 „ortus
1042 2152 1182 2199 orta’'
1218 2156 1465 2210 „mutatus
1510 2154 1725 2200 mutata''
1761 2168 1812 2200 re
1849 2168 1960 2200 vera
1996 2152 2067 2200 illi
2105 2152 2322 2215 opinioni
2360 2153 2517 2201 favere

278 2236 516 2284 videntur.
588 2237 709 2284 Cum
762 2243 919 2284 autem
970 2252 1078 2284 cum
1114 2253 1228 2285 sana
1276 2243 1432 2284 mente
1468 2242 1648 2302 pugnet
1684 2244 1850 2299 (uuus
1887 2238 2231 2301 perabsurdum
2270 2252 2370 2285 esse
2408 2237 2528 2286 dicit

277 2320 328 2369 in
368 2320 470 2382 lege
508 2321 568 2368 25
610 2322 667 2370 D.
703 2321 761 2368 de
795 2337 995 2372 manum.
1031 2323 1157 2370 vind.
1196 2323 1368 2384 (40.2>)
1408 2322 1611 2385 aliquem
1660 2325 1734 2371 cui
1773 2327 1968 2386 propter
2005 2327 2206 2371 aetatem
2245 2324 2398 2371 omnis
2428 2324 2525 2371 fere

268 2409 403 2454 actus
456 2404 609 2452 civilis
644 2404 987 2462 interdicatur,
1022 2406 1112 2454 sibi
1148 2405 1238 2470 ipsi
1276 2409 1484 2456 tutorem
1522 2406 1694 2468 eligere
1729 2423 1896 2470 posse,
1957 2423 2108 2470 neque
2149 2407 2238 2456 hoc
2276 2409 2329 2456 in
2368 2411 2524 2457 mente

266 2490 387 2551 legis
441 2488 647 2537 auctoris
703 2489 845 2536 fuisse
900 2494 1034 2554 puto·
1106 2491 1315 2538 Omnino
1370 2492 1686 2539 masculinum
1739 2497 1786 2538 et
1822 2493 2104 2540 femininum
2147 2509 2234 2558 pro
2289 2493 2523 2541 feminino

268 2578 459 2622 tantum
506 2590 676 2639 genere
724 2575 877 2639 posita
926 2590 1025 2622 esse
1064 2575 1301 2625 videntur.
1340 2575 1497 2624 Facile
1534 2580 1691 2624 tamen
1728 2576 2032 2639 intelligitur,
2076 2579 2200 2626 unde
2236 2579 2414 2626 factum
2459 2577 2523 2626 sit

266 2663 322 2708 ut
360 2660 408 2707 in
448 2659 547 2720 lege
584 2659 845 2707 masculina
882 2676 1067 2724 quoque
1104 2661 1256 2708 forma
1292 2662 1471 2724 scripta
1506 2661 1794 2711 inveniatur.
1832 2662 1950 2711 Cum
1979 2664 2102 2711 enim
2133 2668 2275 2727 caput
2303 2667 2522 2710 nostrum

264 2744 469 2807 incipiat
522 2761 547 2792 a
602 2744 796 2792 vocibus
854 2746 965 2807 „qui
1024 2744 1177 2807 quae''
1215 2745 1345 2793 etin
1385 2746 1526 2809 longe
1562 2747 1767 2794 maxima
1814 2748 1982 2811 capitis
2028 2754 2160 2811 parte
2206 2749 2262 2797 de
2307 2746 2519 2811 personis

264 2830 515 2892 utriusque
552 2844 689 2878 sexus
727 2830 788 2877 sit
825 2844 1009 2889 sermo,
1050 2830 1337 2893 negligentia
1376 2831 1553 2879 factum
1592 2836 1661 2879 est
1697 2836 1750 2879 ut
1787 2836 1984 2895 utraque
2011 2833 2125 2881 haec
2146 2834 2322 2890 forma,
2351 2848 2516 2895 quam-

262 2915 337 2963 vis
374 2915 431 2963 de
468 2914 653 2962 feminis
690 2917 874 2962 tantum
908 2930 1065 2963 sermo
1106 2920 1259 2972 esset,
1298 2915 1388 2965 hoc
1426 2916 1534 2963 loco
1572 2919 1882 2980 repeteretur.

404 2999 621 3054 Frustra,
677 3000 745 3046 uti
797 2999 1009 3057 videtur,
1046 2999 1333 3063 interpretes
1371 3002 1530 3049 conati
1569 3006 1680 3049 suut
1716 3002 1915 3049 formam
1954 3000 2285 3059 masculinam,
2332 3002 2388 3050 de
2427 3018 2520 3065 qua

262 3084 387 3141 dixi,
428 3083 667 3131 vindicare
702 3086 842 3145 atque
880 3085 1097 3133 retinere.
1154 3085 1425 3142 Huscaxs,
1466 3101 1508 3133 v.
1537 3102 1582 3149 g.
1605 3086 1668 3146 (in
1708 3084 1862 3149 Opere
1899 3086 2026 3134 laud.
2063 3086 2291 3150 Beitra'ye
2328 3090 2420 3135 cet.
2459 3104 2516 3151 p.

262 3169 327 3216 15
368 3172 469 3215 not.
508 3169 561 3232 6)
598 3167 663 3215 ita
700 3183 800 3215 rem
836 3183 1087 3231 aggressus
1124 3172 1221 3226 est3
1276 3174 1388 3233 post
1436 3170 1578 3217 verba
1616 3170 1734 3235 legis
1771 3171 1944 3235 „idque
1976 3172 2053 3235 jus
2096 3171 2272 3219 tutoris
2315 3172 2514 3235 optandi

259 3253 497 3309 habeto‚'’
539 3252 671 3301 addit
714 3253 821 3310 „vir
865 3252 1047 3311 uxor-’¹3
1088 3254 1167 3317 jus
1215 3254 1387 3302 tutoris
1425 3256 1621 3318 optandi
1673 3257 1798 3320 quod
1837 3257 1939 3305 viro
1978 3258 2206 3321 competit
2243 3258 2520 3305 facultatem

256 3354 362 3386 esse
389 3335 635 3385 contendit
662 3352 751 3399 qua
775 3338 915 3386 liceat
933 3338 975 3387 ei
1014 3340 1291 3401 „optionem
1328 3339 1501 3387 tutoris
1539 3341 1677 3389 uxori
1715 3344 1996 3389 testamento
2034 3341 2366 3405 permittere.’'
2401 3342 2518 3389 Tale

256 3421 372 3485 quid
411 3427 569 3469 tamen
598 3438 837 3485 nunquam
873 3424 1162 3487 significavit
1197 3424 1304 3486 „jus
1341 3426 1516 3489 tutoris
1553 3425 1785 3490 optandi''
1822 3426 1920 3473 sive
1959 3427 2166 3483 „tutoris
2193 3428 2322 3492 optio
2339 3425 2385 3485 ;''
2412 3431 2516 3475 tan-

258 3506 513 3555 tummodo
550 3507 675 3555 enim
712 3511 783 3555 est
814 3507 892 3569 jus
918 3508 1041 3570 quod
1071 3508 1211 3555 uxori
1249 3509 1481 3573 competit
1516 3526 1572 3557 ex
1608 3513 1892 3559 testamento
1933 3512 2106 3559 mariti.

399 3592 533 3639 Idem
560 3606 765 3654 quoque,
790 3604 1023 3641 auncurt·
1048 3594 1095 3641 in
1122 3594 1307 3655 Disput.
1335 3596 1447 3644 Orit.
1474 3595 1608 3659 P·.25
1631 3600 1829 3643 conatus
1851 3602 1938 3644 est.
1975 3596 2292 3645 Masculinam
2313 3597 2515 3646 formam

254 3676 375 3725 vitio
415 3692 577 3725 carere
614 3680 751 3740 putat
775 3678 813 3725 si
839 3678 1061 3740 periodus
1086 3678 1151 3727 ita
1170 3663 1433 3741 accipiatur
1458 3695 1513 3727 ac
1538 3679 1576 3727 si
1601 3680 1832 3743 seriptum
1855 3684 2002 3729 esset=
2042 3680 2216 3744 „idque
2247 3682 2320 3744 jus
2341 3682 2515 3731 tutoris

256 3760 466 3823 optandi
500 3760 671 3808 habeto
708 3764 847 3822 (uxor
884 3778 1001 3826 quae
1037 3762 1085 3809 in
1123 3778 1315 3811 manum
1352 3763 1654 3827 magistratus
1693 3764 1811 3813 civis
1848 3765 2050 3813 Romani
2072 3768 2366 3829 convenerit)
2387 3768 2515 3830 quod

252 3844 481 3903 haberet,
518 3846 560 3892 si
598 3846 690 3906 (vir
725 3846 806 3909 qui
841 3846 884 3893 ei
909 3846 1085 3895 tutoris
1124 3847 1369 3910 optionem
1407 3850 1696 3897 testamento
1733 3848 1935 3910 dederit)
1973 3866 1998 3897 a
2025 3850 2126 3897 eive
2146 3850 2360 3899 Romano
2381 3856 2514 3901 ortus

254 3930 471 3994 (ipsaque
509 3947 534 3978 a
560 3932 661 3979 eive
698 3932 932 3993 Romano)
971 3936 1101 3990 orta,
1140 3948 1294 3996 neque
1330 3934 1421 3993 (vir
1456 3939 1504 3982 et
1541 3950 1661 3983 uxor
1699 3951 1906 3999 unquam
1943 3942 2016 3998 ea)
2037 3936 2229 3984 civitate
2255 3937 2512 4001 (Romana)

250 4018 467 4064 mutatus
485 4020 666 4064 mutata
686 4016 857 4065 esset.”
894 4016 1035 4079 Fugit
1054 4021 1297 4066 auctorem
1329 4019 1495 4083 procul
1533 4020 1678 4068 dubio
1715 4020 1989 4084 subjectum
2025 4024 2127 4075 τοῦ
2176 4022 2416 4095 „habeto”
2465 4026 2514 4071 et

247 4108 353 4159 τοῦ
390 4105 650 4165 „haberet”
686 4122 787 4155 esse
825 4108 967 4157 verba
1001 4108 1085 4157 illa
1121 4109 1275 4173 prima
1311 4110 1491 4175 Capitis
1529 4112 1642 4175 „qui
1679 4113 1866 4174 quae,”
1903 4113 2026 4162 unde
2053 4114 2269 4177 sequitur
2299 4115 2513 4179 personis

246 4202 347 4248 tam
368 4199 623 4249 masculini
642 4216 781 4263 quam
808 4201 1021 4251 seminini
1057 4218 1196 4252 sexus
1226 4202 1305 4266 jus
1342 4205 1515 4253 tutoris
1552 4205 1748 4269 optandi
1785 4206 1949 4255 datum
1985 4207 2128 4257 fuisse
2163 4208 2371 4271 ideoque
2407 4225 2504 4258 non

247 4283 395 4332 licere
420 4285 489 4333 ita
525 4284 684 4333 locum
720 4286 971 4335 restituere
1007 4304 1063 4336 ac
1098 4288 1139 4337 si
1175 4288 1266 4337 soli
1301 4287 1503 4339 feminae
1540 4306 1815 4340 eoncessum
1851 4291 2032 4341 fuisset.

393 4368 435 4431 ²)
493 4368 623 4417 vide
658 4384 962 4420 naaounara
1000 4373 1048 4420 in
1090 4369 1269 4438 Opere:
1306 4376 1374 4423 les
1413 4374 1595 4434 Tables,
1635 4392 1682 4440 p.
1721 4377 1801 4425 18.
1837 4389 2030 4427 annun
2059 4378 2105 4425 in
2150 4380 2234 4441 Op.
2272 4380 2305 4430 l.
2353 4396 2395 4444 p.
2422 4377 2504 4434 37.

248 4468 565 4514 nannenus,
601 4456 649 4504 in
690 4458 942 4508 comment.
980 4460 1115 4508 laud.
1151 4476 1197 4524 p.
1239 4458 1319 4510 87.
