3027 5263
1361 571 1489 634 227

293 767 561 846 poterat3
603 787 709 848 per
758 763 925 828 illius
976 763 1309 828 absentiam
1361 787 1438 828 ne
1487 763 1736 828 omnino
1771 765 1963 830 tutela
1997 773 2222 832 careret
2269 767 2540 852 pupillus

294 890 682 974 magistratus
730 897 989 954 tutorem
1042 890 1225 954 dabat
1267 892 1334 974 ¹).
2320 983 2324 986 .

480 1018 663 1082 Varia
734 1041 953 1102 genera
1024 1025 1297 1082 tutorum
1350 1017 1672 1102 Salpensae
1759 1040 2002 1104 quoque
2067 1019 2252 1083 fuisse
2323 1020 2546 1085 diserte

289 1143 359 1206 in
406 1144 539 1227 lege
589 1145 693 1207 illa
760 1168 885 1208 non
951 1145 1209 1220 dicitur,
1279 1143 1477 1228 Caput
1531 1148 1614 1206 29
1687 1149 1928 1208 tantum
1979 1146 2054 1209 de
2103 1153 2301 1212 tutore
2349 1149 2456 1232 qui
2506 1171 2541 1211 a

290 1271 653 1354 magistratu
702 1269 879 1334 datur
929 1276 1246 1356 praecepta
1295 1270 1602 1346 oontinet3
1655 1276 1922 1334 attamen
1972 1272 2230 1356 conjicio
2281 1273 2536 1337 tutelam

292 1398 798 1460 testamentariam
841 1397 977 1480 jure
1025 1394 1249 1460 Latino
1300 1395 1600 1460 exstitisse
1651 1397 1826 1480 quia,
1865 1405 2110 1462 auctore
2143 1419 2331 1476 eam,
2369 1399 2541 1464 nulla

291 1523 415 1586 fere
463 1524 674 1586 civitas
739 1530 828 1586 est
892 1523 958 1585 in
1009 1544 1129 1606 qua
1179 1545 1299 1585 non
1350 1520 1528 1586 liceat
1600 1524 1948 1605 parentibus
1996 1524 2203 1588 liberis
2255 1527 2379 1590 suis
2428 1527 2538 1590 im·

290 1651 625 1735 puberibus
675 1656 1041 1714 testamento
1092 1656 1357 1713 tutorem
1406 1650 1582 1728 dare3
1634 1657 1702 1713 ut
1735 1651 1818 1714 ita
1872 1651 2068 1715 dicam
2102 1659 2304 1716 tamen
2337 1656 2534 1739 magis

292 1800 390 1842 me
440 1784 640 1842 movet
688 1779 818 1862 ipsa
864 1777 965 1841 lex
1012 1776 1414 1861 Salpensana,
1476 1800 1631 1862 quae
1697 1801 1836 1841 cum
1901 1779 1986 1841 ita
2035 1787 2273 1846 caveat:
2371 1782 2536 1860 „Oui

288 1911 458 1968 tutor
504 1927 629 1968 non
678 1905 793 1968 erit
838 1905 1179 1968 incertusve
1228 1904 1371 1982 erit,
1428 1905 1812 1989 magistratus
1861 1911 2127 1969 tutorem
2178 1906 2389 1987 dato”‚
2443 1909 2534 1971 in-

292 2033 493 2096 dicare
560 2031 797 2096 videtur
859 2032 988 2094 fieri
1052 2031 1319 2115 potuisse
1394 2038 1464 2094 ut
1531 2033 1669 2116 quis
1723 2033 1850 2116 jam
1916 2033 2166 2097 haberet
2232 2041 2532 2114 tutorem,

292 2181 474 2243 quam
524 2159 602 2223 ob
670 2181 797 2221 rem
860 2165 1065 2222 tutore
1114 2181 1149 2220 a
1199 2157 1558 2242 magist-ratu
1609 2159 1749 2222 dato
1817 2158 1909 2222 illi
1975 2181 2100 2222 non
2149 2182 2300 2244 opus
2358 2170 2532 2226 esset.

292 2289 506 2370 Aeque
570 2307 643 2350 ex
716 2284 865 2370 legis
954 2283 1147 2348 verbis
1219 2291 1501 2369 apparet,
1583 2285 1834 2348 tutelam
1903 2307 2056 2369 quae
2123 2286 2453 2351 deferretur
2503 2311 2538 2350 a

289 2413 495 2477 IIviro
562 2413 630 2475 in
701 2411 1039 2476 subsidium
1111 2417 1353 2474 tantum
1436 2411 1777 2476 adhibitam
1851 2435 2011 2492 esse,
2089 2413 2139 2476 si
2211 2420 2379 2478 tutor
2452 2421 2536 2478 te-

287 2540 710 2604 stamentarius
758 2561 884 2602 non
932 2538 1163 2601 adesset
1213 2537 1306 2601 vel
1355 2538 1407 2600 si
1454 2538 1726 2602 incertus
1776 2544 1930 2602 esset
1963 2538 2011 2621 2)
2027 2565 2044 2616 3
2105 2541 2270 2623 quod
2319 2542 2532 2604 confir·

288 2676 488 2733 matur
521 2669 571 2731 si
598 2667 1039 2731 animadvertas
1068 2667 1489 2751 magistratum
1517 2667 1602 2730 ita
1628 2666 1872 2731 demum
1904 2672 2164 2731 tutorem
2193 2667 2332 2731 dare
2359 2691 2528 2753 „quo

285 2820 365 2859 ne
414 2796 489 2859 ab
532 2796 695 2879 justo
744 2800 947 2857 tutore
997 2794 1185 2857 tutela
1234 2792 1470 2857 abeat'’.

474 2923 669 3007 Supra
710 2922 833 3005 jam
885 2920 1195 2985 ostendere
1261 2929 1511 2985 conatus
1575 2942 1708 2983 sum
1758 2920 2060 3004 quomodo
2110 2922 2268 2984 inter
2319 2944 2384 2985 se
2433 2946 2526 2986 co-

282 3052 571 3113 haereant
657 3049 751 3111 lex
822 3048 1189 3133 Salpensana
1264 3054 1323 3111 et
1396 3048 1491 3110 lex
1559 3046 1752 3111 Atilia
1810 3070 1881 3111 ex
1950 3069 2070 3131 qua
2135 3047 2360 3111 Romae
2429 3056 2526 3112 tu-

284 3186 441 3241 tores
507 3175 806 3239 dabantur
840 3174 913 3258 3).
1014 3177 1107 3239 De
1157 3175 1369 3239 eodem
1432 3181 1787 3259 argumento
1854 3175 1968 3237 hoc
2031 3174 2164 3238 loco
2227 3176 2524 3240 nonnulla

282 3325 529 3387 quoque
578 3301 853 3364 addenda
902 3308 1067 3364 sunt.
1170 3300 1326 3364 Cum
1392 3300 1551 3363 enim
1593 3306 1795 3364 tutore
1838 3322 1990 3384 opus
2025 3308 2206 3377 esset,
2275 3323 2348 3364 ex
2397 3302 2527 3387 lege

282 3572 693 3583 .—...——.---.—---

428 3776 463 3839 ¹)
534 3775 652 3823 Vide
698 3787 889 3831 GAIUM,
938 3776 1056 3823 [πεί.
1090 3774 1195 3823 Lib.
1232 3774 1261 3822 1
1299 3776 1321 3834 §
1361 3772 1482 3831 1873
1541 3774 1658 3822 [nst.
1711 3775 1834 3823 Just.
1882 3772 1986 3824 Lib.
2025 3774 2078 3831 l,
2118 3773 2212 3821 Tit.
2255 3774 2314 3822 12
2351 3776 2372 3835 §
2413 3775 2439 3823 5
2477 3779 2530 3823 et

280 3862 378 3911 Tit.
418 3860 482 3909 20
519 3862 540 3918 §
578 3860 638 3917 2;
688 3858 749 3909 cf.
784 3859 875 3923 leg.
916 3860 976 3907 19
1024 3860 1084 3908 D.
1120 3860 1178 3906 de
1213 3862 1335 3921 capt.
1373 3862 1419 3906 et
1445 3860 1591 3920 postl.
1631 3873 1726 3907 rev.
1766 3858 1968 3919 (49.15).
2007 3857 2154 3906 Plura
2191 3858 2407 3922 exempla
2445 3861 2534 3909 ad-

280 3950 393 3997 sunt
430 3946 607 3993 tutelae
631 3960 658 3991 a
693 3943 975 4006 magistratu
1012 3942 1221 4001 delatae,
1259 3943 1483 4007 quamdiu
1510 3944 1652 3991 etiam
1686 3943 1964 4008 sperabatur
1997 3942 2378 4001 testamentaria3
2417 3945 2526 3993 vide

280 4044 449 4080 eamn
483 4031 601 4078 Inst.
634 4028 740 4077 Lib.
778 4028 803 4075 1
842 4030 864 4087 §
898 4028 1017 4085 1863
1054 4028 1116 4079 cf.
1151 4028 1240 4091 leg.
1270 4029 1298 4076 9
1326 4030 1347 4089 §
1376 4029 1430 4085 2,
1470 4029 1529 4077 D.
1555 4028 1612 4075 de
1643 4031 1732 4076 tut.
1758 4031 1804 4075 et
1827 4030 1916 4076 rat.
1943 4028 2141 4077 distrah.
2171 4026 2339 4089 (27.3);
2363 4030 2433 4077 ita
2471 4032 2524 4077 ut

278 4114 547 4165 accuratius
583 4126 731 4161 enus
768 4112 985 4169 dixisset,
1027 4114 1234 4161 tutorem
1270 4113 1413 4161 etiam
1449 4128 1476 4161 a
1511 4113 1793 4176 magistratu
1830 4112 1956 4169 dari,
2007 4112 2045 4160 si
2082 4114 2216 4161 tutor
2252 4114 2526 4175 (testamen-

283 4200 459 4264 tarius)
497 4198 708 4246 incertus
744 4201 882 4245 esset.

424 4282 461 4345 2)
497 4284 716 4332 Fortasse
753 4282 799 4329 in
837 4282 1004 4331 iisdem
1042 4282 1192 4331 causis
1230 4282 1397 4331 Latino
1438 4283 1548 4345 jure
1595 4282 1804 4331 incertus
1853 4284 1955 4331 erat
1989 4284 2121 4331 tutor
2157 4283 2297 4346 atque
2333 4280 2380 4331 in
2415 4282 2522 4346 jure

283 4370 533 4425 Romnum
569 4368 628 4418 cf.
666 4380 789 4415 mem
826 4367 873 4415 in
919 4367 1005 4430 Op.
1042 4369 1076 4417 l.
1112 4384 1157 4431 p.
1198 4368 1294 4416 519
1336 4370 1432 4416 not.
1474 4368 1520 4417 2.

424 4452 463 4515 ³)
532 4452 655 4501 Vide
690 4468 837 4517 supra
872 4454 1000 4517 Dies.
1038 4468 1085 4516 p.
1124 4453 1239 4502 101.
