3027 5263
1259 588 1388 651 123

183 781 454 845 multum
505 786 708 845 tamen
756 802 934 867 posse
985 780 1222 845 videtur
1253 782 1319 845 in
1351 781 1466 845 hac
1500 803 1679 845 causa
1712 781 2005 867 placitum
2041 782 2223 847 huius
2253 781 2442 868 legis,

184 931 332 973 cum
397 917 672 974 accurate
737 916 797 973 et
862 910 1174 995 perspicue
1239 909 1617 974 renuntiatio
1684 930 1795 995 pro
1862 909 2027 975 curia
2093 916 2155 974 et
2218 908 2445 974 creatio

182 1058 219 1099 a
271 1039 628 1122 magistratu
680 1036 794 1101 hoc
840 1036 975 1101 loco
1025 1036 1498 1123 distinguantur.

379 1163 676 1228 Certiores
739 1164 882 1227 facti
963 1185 1172 1228 sumus
1187 1213 1204 1243 ,
1280 1162 1585 1248 quomodo
1650 1164 1896 1229 comitia
1958 1163 2326 1229 haberentur
2373 1161 2441 1226 in

179 1289 535 1376 municipiis
581 1290 839 1368 Flaviis3
892 1291 1359 1377 magistratuum
1409 1292 1781 1358 creationem
1828 1294 1895 1358 in
1946 1292 2207 1358 comitiis
2256 1291 2439 1356 etiam

183 1423 384 1482 aetate
431 1438 772 1483 nummum
821 1419 1025 1505 magni
1077 1420 1367 1484 momenti
1416 1421 1605 1485 fuisse
1652 1422 1721 1485 in
1770 1420 2123 1505 municipiis
2173 1418 2439 1495 Latinis,

181 1566 434 1629 magnas
483 1568 724 1631 quoque
765 1547 1076 1611 cautiones
1126 1546 1428 1611 adhibitas
1479 1570 1609 1613 esse
1643 1570 1784 1612 cum
1816 1547 2102 1632 suffragia
2139 1546 2442 1611 ferrentur

179 1672 608 1757 cognovimus3
643 1673 890 1757 insuper
920 1674 1103 1737 etiam
1139 1674 1256 1737 huc
1282 1652 1545 1759 pertinet
1568 1674 1862 1759 placitum
1895 1674 2061 1760 quod
2095 1674 2311 1760 Capite
2342 1676 2428 1738 58

180 1800 338 1885 legis
385 1800 786 1865 Malacitanae
832 1800 1215 1878 continetur3
1259 1799 1370 1865 ubi
1419 1808 1696 1867 cavetur:
1744 1824 1868 1882 „ne
1897 1803 2035 1887 quis
2076 1799 2437 1867 intercedito

178 1949 338 1991 neve
411 1927 558 2012 quid
618 1926 785 1991 aliud
851 1926 1034 1991 facito
1107 1928 1434 2011 quominus
1496 1929 1564 1993 in
1628 1951 1699 1994 eo
1746 1929 2085 2015 municipio
2135 1930 2248 1993 hac
2294 1927 2429 2013 lege

181 2054 428 2119 comitia
507 2054 844 2120 habeantur
921 2055 1375 2139 perficiantur.”
1489 2056 1813 2122 Formulae
1884 2057 2028 2122 illae
2101 2079 2224 2135 „ne
2296 2055 2436 2141 quis

187 2182 550 2247 intercedito
597 2204 750 2247 neve
797 2182 941 2267 quid
987 2182 1156 2247 aliud
1201 2180 1460 2263 facit0,'’
1534 2206 1689 2267 quae
1738 2184 1923 2250 etiam
1968 2183 2034 2248 in
2081 2184 2214 2269 lege
2262 2182 2302 2246 J
2305 2182 2435 2247 ulia

183 2310 543 2396 municipali
585 2311 627 2395 ¹)
698 2316 757 2376 et
827 2310 894 2374 in
949 2310 1082 2397 lege
1128 2310 1359 2376 Rubria
1408 2311 1631 2397 legitur
1649 2313 1704 2397 ²)
1728 2362 1747 2392 ,
1796 2318 2101 2398 postrema
2167 2310 2344 2375 verba
2379 2310 2428 2394 ³)

179 2460 309 2501 non
359 2443 630 2516 tantum,
684 2438 932 2524 opinor,
983 2436 1062 2502 ad
1111 2439 1272 2504 solos
1330 2440 1725 2526 magistratus
1772 2446 2047 2526 spectant
2094 2440 2199 2505 sed
2248 2460 2431 2523 quam

175 2563 474 2629 latissime
523 2571 729 2651 patere
778 2565 1059 2630 videntur
1106 2572 1166 2631 et
1215 2589 1250 2631 a
1295 2567 1448 2654 legis
1499 2574 1745 2634 auctore
1802 2567 2080 2634 consulto
2130 2566 2431 2651 adscripta

175 2713 308 2756 esse
356 2699 428 2756 ut
491 2693 805 2756 innumera
869 2693 986 2757 alia
1034 2694 1472 2779 impedimenta
1536 2696 2039 2782 complecteretur
2102 2694 2251 2758 haec
2314 2693 2433 2758 for-

174 2818 381 2900 mula,
436 2819 660 2904 quibus
707 2827 828 2884 tam
880 2821 1272 2906 magistratus
1322 2845 1502 2907 quam
1550 2823 1779 2909 privati
1812 2822 2133 2908 prohibere
2180 2826 2429 2907 possent

172 2947 507 3032 quominus
555 2949 800 3013 comitia
847 2949 1294 3034 perficerentur.

361 3075 581 3160 Itaque
628 3083 754 3141 tam
801 3077 1062 3162 legitimi
1112 3100 1295 3162 quam
1342 3078 1648 3164 illegitimi
1694 3077 2081 3143 comitiorum
2134 3074 2424 3141 dirimen-

164 3204 390 3270 dorum
441 3204 602 3268 modi
650 3204 782 3290 lege
829 3204 1202 3271 Malacitana
1247 3213 1549 3272 vetantur.
1647 3208 1877 3272 Romae
1912 3210 2145 3271 constat
2176 3204 2420 3290 saepius

163 3331 424 3396 comitia
481 3355 518 3395 a
565 3333 1010 3418 magistratibus
1027 3383 1046 3415 ‚
1115 3335 1236 3399 imo
1285 3334 1361 3399 ab
1421 3336 1759 3422 auguribus
1801 3335 1849 3422 4)
1870 3384 1889 3414 ,
1960 3334 2217 3400 diremta
2265 3354 2419 3409 esse,

163 3482 246 3525 ne
290 3458 500 3523 dicam
549 3459 624 3524 de
670 3461 944 3525 tumultu
991 3467 1053 3525 et
1099 3462 1161 3527 vi
1209 3469 1439 3529 armata
1485 3486 1640 3549 quae
1687 3469 1957 3550 tempore
1989 3481 2313 3528 CICERONIS
2343 3459 2421 3525 ad

163 3589 424 3654 comitia
469 3588 770 3654 turbanda
817 3589 1094 3656 adhibita
1141 3591 1222 3656 sit
1244 3592 1314 3677 ³).

359 3718 494 3782 Lex
556 3719 920 3785 Malacitana
989 3743 1246 3806 poenam
1318 3745 1565 3808 quoque
1636 3721 1894 3788 sancivit
1964 3723 2029 3785 in
2102 3742 2204 3784 eos
2271 3717 2376 3801 qui
2397 3767 2416 3796 ,

309 3995 349 4057 1)
423 3995 539 4045 Vide
575 3996 687 4062 Cap.
728 3998 792 4046 12
829 3998 957 4062 apud
991 4013 1115 4049 ΖΕΗ,
1152 4016 1229 4051 no.
1271 4001 1418 4050 1682.

310 4081 352 4142 2)
426 4081 544 4130 Vide
597 4082 712 4147 Cap.
763 4083 829 4131 20
863 4083 912 4131 in
950 4085 1042 4133 fine
1078 4086 1204 4150 apud
1240 4099 1366 4135 zum.
1402 4101 1482 4135 no.
1523 4088 1668 4138 1683.
1739 4086 1816 4135 Ibi
1852 4086 1911 4135 ad
1948 4084 2074 4134 solos
2110 4084 2416 4150 magistratus

155 4165 439 4232 respicitur.

305 4251 346 4312 ³)
421 4251 578 4300 Verba
612 4252 737 4301 enim
767 4253 930 4318 priora
954 4270 1046 4313 „ne
1071 4257 1176 4320 quis
1200 4257 1511 4308 intercedito'’
1539 4261 1727 4308 tantum
1753 4259 1810 4308 ad
1840 4259 2146 4323 magistratus
2174 4257 2417 4323 pertinent

155 4339 232 4388 De
269 4336 618 4386 intercessione
650 4337 736 4387 illa
767 4338 1023 4390 interdicta
1058 4357 1144 4390 suo
1179 4341 1286 4392 loco
1323 4344 1466 4392 verba
1501 4345 1690 4396 faciam.

296 4420 342 4484 4)
417 4421 538 4470 Vide
572 4434 806 4474 cxonnon.
843 4426 904 4474 de
935 4425 1023 4490 leq.
1062 4426 1198 4479 2³2.

305 4507 346 4569 ⁵)
421 4506 540 4556 Vide
576 4521 810 4562 cremon.
849 4510 937 4564 Or.
976 4511 1100 4562 Phil.
1142 4512 1281 4572 ΜΟ,
1322 4515 1417 4566 5.4.
