3027 5263
1680 542 1765 606 48

599 734 972 823 respublicas
1017 734 1406 822 pertinuisset
1451 735 1502 798 si
1550 735 1861 815 Malacae,
1914 737 2040 803 imo
2072 740 2138 803 in
2171 740 2451 807 omnibus
2497 747 2850 832 municipiis

592 868 694 952 jus
742 864 1010 950 suffragii
1080 864 1158 928 iis
1204 885 1549 928 concessum
1621 863 1835 929 fuisset
1890 865 1999 952 qui
2056 866 2431 935 domicilium
2481 872 2573 938 ibi
2622 877 2845 940 consti-

596 995 885 1069 tuissent,
957 993 1228 1078 quamvis
1293 991 1452 1056 cives
1519 991 1829 1077 municipii
1887 1015 2009 1056 non
2077 1003 2312 1076 essent;
2388 997 2654 1084 denique
2720 1025 2841 1066 om·

596 1121 745 1185 nino
811 1120 1202 1204 conjunctum
1264 1118 1456 1183 fuisse
1496 1117 1603 1202 jus
1666 1119 1937 1204 suffragii
2001 1142 2143 1185 cum
2206 1122 2452 1188 civitate
2517 1126 2614 1190 vel
2677 1127 2842 1192 Lati·

594 1249 784 1313 nitate
832 1248 920 1312 ita
963 1251 1037 1310 ut
1085 1246 1194 1332 qui
1242 1268 1312 1310 ea
1361 1251 1677 1310 uterentur
1724 1247 1789 1309 in
1846 1247 2104 1312 omnibus
2152 1251 2501 1337 municipiis
2551 1253 2837 1340 suffragia

590 1377 742 1441 ferre
807 1375 1178 1462 potuissent,
1239 1373 1462 1437 frustra
1533 1393 1735 1438 mmm
1791 1396 1864 1437 ex
1927 1374 2063 1459 lege
2121 1375 2489 1442 Malacitana
2554 1380 2837 1468 colligere

591 1509 844 1569 conatus
901 1509 989 1566 est
1003 1528 1022 1580 3
1083 1505 1326 1565 tantum
1383 1500 1549 1564 enim
1597 1500 1662 1563 in
1712 1500 1827 1564 hoc
1876 1500 2093 1588 Capite
2153 1503 2381 1568 civibus
2430 1504 2727 1572 Romanis
2774 1516 2834 1573 et

587 1631 828 1696 Latinis
871 1631 969 1715 jus
1018 1629 1177 1693 illud
1225 1627 1516 1692 tribuitur
1560 1627 1631 1691 in
1678 1626 1788 1692 illo
1836 1629 2172 1715 municipio
2222 1630 2329 1695 ubi
2380 1632 2618 1698 incolae
2666 1643 2829 1700 sunt.

586 1758 773 1823 Redit
820 1757 1010 1843 igitur
1060 1778 1132 1821 eo
1181 1777 1315 1820 mea
1363 1754 1699 1840 disputatio
1709 1801 1732 1832 ,
1777 1761 1850 1820 ut
1913 1756 2077 1840 quod
2125 1757 2397 1823 Malacae
2438 1761 2596 1844 juris
2644 1763 2831 1828 fuisse

585 1885 938 1950 noverimus
1001 1883 1140 1949 aliis
1186 1905 1428 1969 quoque
1494 1882 1843 1968 municipiis
1862 1931 1881 1961 ,
1934 1883 2057 1949 imo
2105 1884 2428 1971 Salpensae
2478 1889 2695 1956 saltem
2745 1915 2830 1957 re-

587 2035 794 2078 cusare
842 2012 1053 2077 nolim.
1600 2095 1605 2099 ι

770 2140 1066 2223 Quamvis
1128 2144 1331 2203 autem
1393 2137 1629 2202 incolae
1692 2139 1758 2202 in
1826 2139 2162 2225 municipio
2218 2141 2588 2209 Malacitano
2636 2168 2831 2232 aeque

579 2293 650 2336 ac
697 2269 857 2334 cives
919 2266 1182 2332 habeant
1238 2266 1340 2350 jus
1404 2264 1715 2350 suffragii,
1784 2265 1993 2330 eodem
2058 2274 2263 2332 tamen
2312 2270 2492 2335 modo
2533 2273 2670 2356 jure
2720 2273 2829 2338 illo

577 2419 705 2462 non
751 2419 894 2460 usos
943 2417 1070 2460 esse
1117 2393 1413 2458 videmus·
1512 2395 1862 2478 Antequam
1909 2395 2246 2481 municipes
2296 2397 2374 2460 ad
2414 2399 2697 2486 suffragia
2743 2402 2827 2466 fe·

575 2521 764 2587 tenda
810 2520 1217 2598 vocabantur,
1285 2521 1379 2585 uti
1440 2527 1648 2605 postea
1698 2527 2065 2606 exponetur,
2137 2544 2261 2586 una
2308 2525 2475 2588 curia
2525 2533 2685 2592 sorte
2733 2529 2829 2593 in-

573 2650 922 2729 dicabatur,
971 2649 1078 2713 ubi
1124 2648 1356 2713 incolae
1404 2648 1691 2735 suffragia
1739 2649 1891 2713 ferre
1946 2655 2209 2733 possent.
2308 2651 2453 2716 Tale
2502 2654 2655 2738 quid
2702 2655 2825 2720 Ro-

571 2800 706 2842 mae
755 2798 998 2863 quoque
1049 2798 1160 2841 usu
1212 2776 1440 2841 venisse
1485 2796 1689 2841 LIVIUS
1738 2776 2062 2841 memoriae
2096 2778 2377 2856 tradidit,
2412 2781 2520 2866 qui
2554 2780 2729 2847 docet
2772 2784 2816 2866 ¹)

570 2928 655 2984 „a
703 2903 968 2969 tribunis
1019 2902 1279 2967 sitellam
1330 2902 1575 2967 allatam
1624 2924 1750 2967 esse
1784 2908 1855 2967 ut
1886 2902 2244 2969 sortirentur
2290 2904 2400 2969 ubi
2449 2906 2659 2973 Latini
2698 2910 2823 2973 suf-

567 3033 830 3119 fragium
879 3029 1164 3099 ferrent.”

757 3161 976 3245 Itaque
1023 3161 1089 3224 in
1136 3181 1253 3223 una
1301 3157 1467 3222 tribu
1515 3157 1725 3222 Latini
1773 3157 2034 3238 Romae,
2087 3158 2150 3221 in
2198 3181 2317 3223 una
2366 3162 2537 3224 curia
2584 3162 2820 3228 incolae

570 3286 730 3350 cives
777 3286 1038 3351 Romani
1083 3285 1364 3349 Latinive
1411 3284 1688 3349 Malacae
1736 3284 2091 3369 suffragium
2125 3284 2433 3366 ferebant3
2470 3309 2669 3373 neque
2701 3290 2819 3354 dif-

567 3412 727 3477 ficile
761 3412 998 3477 videtur
1029 3412 1392 3498 respondere
1426 3412 1803 3495 quaestioni,
1836 3433 2023 3495 quare
2058 3411 2412 3477 huiusmodi
2437 3414 2706 3501 suffragii
2730 3416 2819 3481 la-

565 3541 654 3605 tio
705 3541 784 3604 iis
833 3540 1202 3625 praescripta
1249 3539 1435 3603 fuerit
1450 3565 1467 3617 3
1518 3562 1589 3603 eo
1638 3538 1891 3604 consilio
1939 3539 2103 3604 enim
2161 3540 2490 3605 invaluisse
2540 3549 2690 3627 puto
2743 3554 2819 3609 ut

567 3667 847 3733 voluntas
897 3690 1105 3733 eorum
1154 3672 1644 3753 cognosceretur,
1692 3667 1879 3731 iidem
1927 3672 2128 3731 tamen
2178 3667 2245 3731 in
2293 3666 2603 3753 republica
2654 3672 2818 3736 nihil

567 3794 850 3861 valerent.

753 3923 908 3986 Cum
951 3924 1091 4007 jure
1138 3923 1412 4008 suffragii
1459 3928 1622 3987 arcte
1671 3924 1947 3987 cohaeret
1988 3923 2088 4006 jus
2132 3922 2431 3988 honorum
2468 3945 2589 4007 qua
2639 3924 2716 3989 de
2752 3949 2817 3992 re

562 4050 680 4113 hoc
727 4048 858 4113 loco
907 4072 1102 4136 pauca
1149 4051 1402 4116 dicenda
1451 4058 1614 4116 sunt.
1729 4050 2077 4135 Municipes
2129 4050 2265 4134 jure
2312 4050 2615 4115 honorum
2666 4075 2817 4137 gau·

562 4174 787 4241 debant
805 4203 824 4254 ;
858 4200 982 4243 non
1029 4183 1231 4243 tamen
1284 4201 1492 4244 omnes
1528 4214 1615 4230 --
1650 4201 1788 4244 nam
1840 4178 1934 4242 uti
1982 4200 2055 4242 ex
2088 4177 2191 4242 illa
2224 4176 2376 4262 legis
2419 4183 2592 4263 parte
2626 4202 2817 4268 appa-

704 4438 738 4499 ¹)
807 4437 910 4489 Lib.
948 4439 1038 4497 25,
1077 4438 1190 4502 Cap.
1229 4440 1274 4489 3.
