3027 5263
1371 600 1497 662 109

308 794 556 873 liceret3
605 794 671 858 id
721 815 858 857 vero
906 814 1032 857 non
1099 798 1377 872 constat3
1426 795 1549 858 imo
1609 795 1853 859 comitia
1902 818 2240 861 DOMITIANI
2289 806 2556 883 tempore

306 923 581 986 Malacae
630 922 846 984 studiis
898 922 1122 984 civium
1176 922 1444 985 floruisse
1495 946 1569 987 ex
1619 924 1753 986 aliis
1812 924 2012 1008 legum
2070 926 2307 1010 placitis
2359 928 2557 991 verisi-

308 1051 453 1115 mile
504 1052 589 1114 fit.
691 1049 1078 1134 Quapropter
1125 1049 1190 1113 in
1247 1049 1380 1133 lege
1431 1049 1502 1113 de
1557 1052 1997 1135 proscriptione
2046 1062 2101 1115 et
2139 1053 2555 1118 nominatione

307 1185 554 1243 cautum
617 1178 798 1241 fuisse
863 1188 1044 1261 puto,
1095 1184 1164 1240 ut
1231 1179 1315 1253 si,
1366 1178 1530 1262 quod
1584 1178 1729 1242 alibi
1780 1179 2027 1242 fortasse
2078 1180 2295 1243 factum
2356 1188 2548 1258 esset,

307 1306 581 1370 Malacae
651 1327 892 1389 quoque
964 1306 1226 1369 honores
1299 1316 1749 1382 recusarentur,
1824 1308 1915 1370 vis
1989 1308 2262 1371 adhiberi
2330 1315 2551 1393 posset.

310 1432 635 1497 Caesarum
707 1439 977 1518 tempore
1049 1432 1336 1511 omnin0,
1412 1440 1483 1496 ut
1557 1440 1828 1509 constat,
1912 1433 2139 1497 Romae
2216 1437 2555 1500 nominatio

316 1558 393 1623 ab
440 1559 812 1644 Imperatore
861 1559 1020 1622 facta
1073 1558 1243 1639 est¹).

495 1685 573 1748 In
626 1686 973 1769 municipiis
1021 1684 1500 1748 nominationem
1549 1686 1907 1749 successoris
1957 1709 1991 1748 a
2040 1687 2387 1771 magistratu
2428 1688 2557 1752 fieri

305 1813 599 1877 usitatum
649 1821 777 1875 erat
795 1813 877 1895 ²),
915 1818 974 1874 et
1007 1812 1280 1876 Malacae
1317 1834 1556 1896 quoque
1590 1812 1923 1875 nominatio
1956 1836 1989 1875 a
2026 1814 2362 1897 proscripto
2395 1814 2555 1878 facta

309 1948 518 2025 postea
588 1940 652 2003 in
727 1940 978 2024 potioris
1047 1942 1562 2016 nominationem,
1632 1940 1855 2005 factam
1919 1939 1995 2003 ab
2046 1962 2113 2003 eo
2164 1942 2272 2025 qui
2322 1948 2557 2006 creatus

308 2068 438 2152 jam
487 2073 688 2145 esset,
742 2089 1030 2130 conversa
1079 2073 1170 2129 est
1204 2068 1274 2150 ³).

499 2192 873 2255 Cohaerebat
937 2214 1074 2255 cum
1147 2192 1254 2255 illa
1318 2191 1755 2277 proscriptione
1821 2190 2113 2276 placitum
2164 2191 2237 2255 ab
2285 2213 2559 2259 IILPIANO

307 2319 602 2383 traditum
650 2321 1036 2404 magistratus
1087 2326 1350 2396 creat08,
1406 2321 1456 2383 si
1507 2341 1755 2384 munere
1802 2320 1977 2404 fungi
2016 2320 2556 2400 detrectavissent,

310 2446 468 2511 illud
518 2469 838 2531 agnoscere
891 2446 1188 2531 cogendos
1222 2448 1293 2530 ⁴).

499 2572 658 2636 Eum
725 2572 830 2657 qui
899 2574 1314 2657 magistratum
1376 2570 1810 2636 nominavisset
1869 2572 2097 2636 cavisse
2156 2593 2263 2657 pro
2313 2572 2558 2638 honoris

316 2702 585 2787 gestione
633 2723 754 2764 una
805 2723 941 2765 cum
1006 2701 1331 2786 praedibus
1403 2700 1601 2780 datis,
1663 2700 2077 2786 compluribus
2125 2698 2274 2764 locis
2325 2707 2555 2765 veteres

313 2835 614 2894 testantur
645 2830 716 2914 ⁵).

497 2955 621 3020 Vix
685 2975 838 3039 opus
885 2955 999 3017 erit
1047 2954 1304 3031 addere,
1365 2975 1486 3037 quo
1535 2960 1804 3037 tempore
1854 2952 2211 3037 proscriptio
2260 2959 2321 3016 et
2363 2953 2558 3016 nomi-

312 3083 480 3146 natio
515 3081 620 3145 illa
652 3081 1009 3157 invaluerit,
1045 3103 1280 3144 omnem
1311 3087 1671 3165 potestatem
1701 3080 1962 3144 comitiis
1986 3080 2325 3163 ademptam
2378 3086 2559 3164 atque

311 3210 381 3272 in
433 3210 850 3293 magistratum
904 3207 1373 3292 proscribentem
1406 3207 1755 3270 translatam
1792 3229 1917 3270 esse
1942 3206 2011 3290 ⁶).
2063 3206 2489 3270 Nominationi
2524 3229 2560 3272 a

307 3337 668 3421 magistratu
717 3335 906 3398 factae
955 3336 1206 3398 accessit
1240 3357 1481 3419 quoque
1530 3341 1679 3397 tunc
1720 3334 1945 3397 creatio
1996 3357 2030 3396 a
2082 3335 2247 3397 curia
2294 3333 2451 3396 facta
2489 3333 2555 3415 ⁷).

498 3463 719 3526 Utrum
770 3462 1122 3526 nominatus
1157 3464 1234 3524 sit
1267 3463 1406 3546 quis
1443 3461 1533 3524 vel
1571 3462 1970 3545 proscriptuS,
2008 3483 2083 3523 an
2124 3483 2259 3524 vero
2294 3461 2425 3545 ipse
2450 3481 2559 3523 sua

305 3595 526 3674 sponte
573 3588 874 3673 professus
922 3589 1004 3652 sit
1051 3611 1175 3652 non
1224 3589 1472 3652 interest
1487 3613 1507 3664 3
1584 3588 1856 3651 omnium
1906 3586 2071 3650 enim
2118 3587 2369 3651 nomina
2416 3608 2554 3670 pro·

459 3891 494 3950 ¹)
564 3890 633 3938 cf.
673 3893 797 3938 oiim.
833 3888 882 3937 in
925 3892 1170 3939 Comment.
1207 3889 1337 3938 laud.
1373 3905 1424 3954 p.
1461 3889 1694 3938 514.515.

458 3974 497 4036 ²)
569 3975 686 4020 Vide
722 3975 812 4035 leg.
852 3975 880 4020 2
917 3977 940 4032 ς
977 3977 1047 4030 :3.‚
1090 3975 1180 4037 leg.
1223 3975 1278 4021 11
1341 3976 1362 4033 §
1402 3974 1455 4030 1,
1498 3973 1589 4034 leg.
1631 3974 1725 4027 13,
1762 3972 1852 4036 leg.
1891 3971 2129 4032 15511).
2150 3971 2357 4020 admun.
2380 3971 2557 4032 (50.1).

454 4057 499 4118 3)
572 4059 688 4105 Vide
728 4059 819 4120 leg.
858 4074 936 4106 un.
975 4059 1093 4106 cod.
1127 4060 1185 4106 de
1212 4061 1312 4120 pot.
1352 4059 1421 4105 ad
1452 4075 1579 4106 mun.
1616 4058 1822 4118 (10.65).

449 4140 492 4202 4)
568 4143 681 4191 Vide
717 4144 806 4207 leg.
845 4144 875 4191 9
916 4144 974 4190 D.
1009 4145 1066 4190 de
1102 4160 1225 4190 mun.
1264 4147 1309 4189 et
1345 4144 1450 4190 laon.
1491 4144 1575 4200 (50
1597 4145 1665 4202 4).

457 4225 498 4288 ⁵)
568 4227 686 4274 Vide
722 4227 849 4292 leges
885 4231 1000 4276 nota
1036 4229 1066 4276 2
1103 4228 1272 4276 citatas
1306 4232 1553 4291 praeterea
1588 4242 1678 4289 que
1712 4225 1747 4276 l.
1782 4226 1815 4276 2
1850 4229 1873 4290 ς
1909 4224 1939 4276 7
1976 4225 2038 4276 D.
2072 4225 2131 4275 de
2163 4222 2424 4276 adminietr.
2460 4238 2556 4274 rer.

302 4312 487 4372 (50.8).

454 4395 492 4457 ⁶)
563 4395 708 4444 Recte
743 4409 888 4444 xum«
923 4395 972 4444 in
1015 4395 1098 4458 Op.
1134 4399 1168 4446 l.
1205 4413 1253 4460 p.
1291 4395 1406 4445 239.

456 4480 492 4541 ⁷)
565 4481 684 4528 Vide
719 4481 812 4545 leg.
852 4482 877 4528 1
917 4482 939 4541 ς
976 4482 1037 4539 3,
1073 4483 1120 4529 4.
1159 4481 1217 4530 D.
1253 4480 1442 4543 quando
1475 4480 1648 4541 appell.
1684 4480 1855 4542 (49.4).
