3027 5263
1590 572 1718 631 142

529 774 667 841 dam
710 766 1150 859 jurisdictionis
1205 761 1615 830 contentiosae
1662 759 1948 826 habuisse
1986 759 2050 845 ¹).
2100 760 2182 824 In
2212 758 2430 847 Capite
2469 759 2637 824 enim
2688 760 2778 823 68

527 900 698 967 illius
746 897 898 982 legis
939 892 1285 980 jurisdictio
1338 889 1678 955 IIvirorum
1724 885 2239 951 circumscribitur
2295 886 2553 950 minimo
2604 884 2785 951 mille

531 1026 943 1095 sestertiorum
961 1048 980 1099 3
1053 1022 1258 1105 itaque
1306 1039 1445 1082 cum
1516 1014 1707 1080 IIviri
1757 1014 1822 1078 in
1882 1012 2063 1079 rebus
2117 1013 2241 1077 illis
2289 1013 2635 1078 minoribus
2681 1014 2783 1098 jus

530 1175 657 1219 non
721 1152 958 1228 dicant,
1035 1147 1182 1212 satis
1244 1142 1575 1210 verisimile
1622 1147 1711 1206 est
1758 1162 1893 1205 eam
1933 1140 2419 1225 jurisdictionem
2472 1141 2781 1206 aedilibus

530 1278 927 1365 competiisse.
1023 1274 1284 1339 Prorsus
1356 1269 1643 1334 convenit
1714 1289 1856 1331 cum
1920 1272 2093 1353 parte
2149 1268 2593 1353 jurisdictionis
2643 1268 2781 1353 lege

530 1406 905 1472 Malacitana
953 1403 1031 1467 iis
1078 1400 1290 1465 relicta
1339 1433 1426 1447 -—
1479 1418 1663 1481 quam
1734 1415 1915 1480 supra
1983 1394 2246 1459 indicavi
2279 1430 2374 1444 -
2404 1394 2778 1461 aedilitatem

532 1534 880 1598 inferiorem
927 1529 1349 1614 magistratum
1396 1523 1665 1589 Hviratu
1714 1521 1917 1585 fuisso.

721 1660 940 1743 Neque
986 1655 1123 1739 quis
1168 1656 1436 1739 regerat,
1484 1650 1649 1735 quod
1680 1649 1865 1714 IIviri
1896 1648 2247 1713 eximuntur
2278 1671 2312 1713 a
2340 1650 2475 1734 jure
2506 1649 2774 1715 dicundo

527 1788 596 1851 in
641 1782 954 1849 nonnullis
1001 1778 1214 1857 rebus,
1265 1777 1428 1841 idem
1475 1798 1604 1840 non
1651 1775 1905 1861 probare
1938 1774 2210 1853 videtur,
2240 1776 2595 1843 facultatem
2619 1778 2775 1862 juris

530 1910 772 1977 dicendi
818 1910 884 1972 in
933 1906 1027 1970 his
1076 1904 1366 1968 aedilibus
1413 1903 1817 1989 competiisse.
1869 1902 2254 1988 Respondeo‚
2307 1904 2554 1969 cuinam
2586 1906 2770 1991 magi-

532 2036 749 2103 stratui
826 2032 1094 2099 licuisset
1162 2029 1282 2094 nisi
1329 2029 1509 2093 aedili
1554 2030 1653 2114 jus
1700 2028 1936 2094 dicere?
1984 2030 2157 2094 Num
2206 2029 2553 2115 quaestori?
2600 2034 2773 2097 Atta-

528 2187 670 2230 men
717 2183 1029 2247 nunquam
1095 2165 1156 2224 et
1218 2179 1518 2243 nusquam
1582 2164 1964 2242 quaestorem
2026 2158 2459 2242 municipalem
2510 2160 2634 2245 juri
2682 2160 2768 2225 di-

529 2291 728 2357 cundo
769 2310 1035 2376 praeesse
1081 2286 1364 2351 vidimus.
1411 2284 1671 2349 Accedit
1720 2284 1917 2368 quod,
1954 2284 2258 2369 quidquid
2293 2284 2455 2350 dicat
2486 2306 2657 2351 Rom
2687 2286 2763 2371 ²),

532 2417 774 2503 saepius
821 2414 1048 2479 aediles
1095 2414 1222 2498 juri
1271 2411 1540 2477 dicundo
1589 2416 2001 2476 memorantur
2036 2410 2108 2495 3).

723 2541 1082 2625 Conjectura
1115 2540 1222 2604 illa
1255 2537 1704 2622 quodammodo
1736 2538 2125 2603 confirmatur
2157 2546 2514 2623 argumento
2544 2539 2769 2626 Capitis

539 2673 624 2733 66
698 2668 851 2756 legis
919 2667 1075 2740 Mal.
1095 2715 1114 2744 ,
1175 2666 1286 2731 ubi
1355 2666 1656 2731 aedilibus
1704 2666 1933 2730 multae
1982 2665 2170 2730 dictio
2220 2667 2575 2733 conceditur
2618 2691 2771 2754 quae

529 2816 668 2860 cum
711 2792 1134 2878 jurisdictione
1181 2796 1343 2856 arcte
1391 2793 1687 2857 cohaeret.
1724 2791 1772 2877 ⁴)

715 2920 934 3003 Itaque
981 2919 1279 2984 aedilibus
1325 2940 1569 3004 quoque
1617 2917 2086 3003 municipalibus
2132 2919 2512 3003 competebat
2545 2921 2766 2988 multae

531 3047 718 3112 dictio
751 3047 843 3130 ³):
895 3032 1044 3110 num
1093 3067 1230 3110 vero
1279 3046 1438 3110 tanti
1485 3044 1744 3109 multare
1793 3050 2039 3130 possent
2110 3067 2179 3109 ac
2225 3045 2411 3110 IIviri
2436 3095 2455 3124 ,
2510 3047 2768 3114 dubium

531 3175 721 3238 videri
769 3174 996 3258 possit,
1045 3173 1097 3236 si
1163 3173 1492 3237 attenderis
1542 3173 1617 3236 ad
1668 3194 1737 3236 ea
1784 3193 1938 3256 quae
1985 3172 2213 3236 Romae
2261 3173 2660 3240 obtinuerunt
2681 3176 2727 3262 ὃ)
2746 3226 2765 3256 ,

533 3299 640 3365 ubi
671 3299 894 3364 aediles
944 3321 1186 3383 quoque
1236 3299 1541 3363 multandi
1589 3303 1885 3384 potestate
1934 3297 2285 3364 utebantur.
2325 3299 2370 3383 τ)

717 3424 1034 3489 Praeterea
1065 3425 1197 3510 ipso
1231 3425 1446 3510 Capite
1481 3428 1565 3488 66
1604 3425 1949 3490 continetur
1980 3425 2277 3508 placitum
2307 3447 2429 3510 quo
2462 3426 2538 3490 de
2578 3437 2769 3512 potes·

533 3555 657 3615 tate
730 3549 998 3615 aedilitia
1068 3551 1260 3636 magis
1319 3547 1576 3615 constat.
1686 3549 1944 3636 Legitur
1990 3551 2151 3615 enim
2198 3549 2322 3615 ibi:
2375 3551 2651 3628 „Multas
2680 3589 2772 3604 —

533 3677 722 3743 dictas
770 3677 845 3742 ab
895 3676 1193 3742 aedilibus
1251 3700 1399 3763 quas
1456 3677 1681 3743 aediles
1731 3677 1953 3742 dixisse
1997 3699 2059 3742 se
2108 3678 2274 3763 apud
2318 3677 2551 3744 IIviros
2599 3679 2773 3746 ambo

673 3870 710 3931 ι)
781 3870 858 3918 Cf.
890 3882 1078 3919 nuno1s
1113 3869 1161 3917 in
1203 3869 1288 3932 Op.
1325 3870 1356 3918 l.
1395 3886 1442 3932 p.
1484 3869 1580 3920 117
1623 3872 1709 3918 not
1745 3871 1793 3918 9.

671 3955 711 4016 2)
779 3954 837 4001 In
879 3952 963 4014 op.
997 3955 1029 4001 l.
1066 3970 1109 4017 p.
1153 3952 1215 4003 97
1255 3953 1304 4001 in
1342 3953 1449 4002 fine.

673 4036 712 4098 ³)
782 4036 1010 4102 Exempla
1047 4037 1239 4088 exhibet
1272 4051 1416 4088 xumr
1454 4038 1502 4086 in
1546 4037 1633 4100 Op.
1670 4039 1704 4087 l.
1741 4053 1787 4103 p.
1830 4037 1892 4088 57
1930 4041 2016 4086 not
2050 4037 2166 4086 390.

669 4119 712 4184 4)
783 4120 858 4170 cf.
894 4121 986 4184 leg.
1025 4121 1119 4170 131
1144 4157 1156 4181 ,
1192 4124 1214 4182 5
1257 4123 1281 4171 l
1319 4123 1368 4170 in
1405 4123 1495 4172 fine
1533 4123 1592 4172 D.
1627 4123 1687 4172 de
1732 4123 1862 4172 Verb.
1898 4122 2023 4186 δέρη.
2062 4121 2265 4183 (50.16).

673 4204 712 4268 ³)
785 4205 901 4254 Vide
937 4204 1028 4268 leg.
1065 4221 1146 4254 un.
1183 4209 1204 4266 §
1245 4207 1268 4254 1
1309 4211 1356 4254 et
1394 4208 1424 4254 2
1464 4209 1522 4255 D.
1558 4207 1619 4254 de
1650 4207 1725 4255 via
1758 4208 1883 4268 publ.
1921 4207 2125 4268 (48.10).

672 4288 711 4352 θ)
782 4288 853 4336 Cf.
889 4302 1000 4339 Tac.
1037 4291 1218 4340 Annal.
1261 4291 1427 4340 1328.

675 4373 712 4438 ⁷)
783 4372 900 4432 Vide
951 4387 1212 4424 scuunssa‘r
1248 4375 1296 4423 in
1335 4375 1517 4440 Opere:
1570 4376 1629 4424 de
1666 4375 1985 4424 Romanorum
2023 4375 2254 4424 aedilibus
2290 4372 2588 4437 Regimontii
2631 4376 2776 4428 1828.

539 4475 586 4522 Ρ.
625 4458 725 4506 494
763 4460 861 4506 not.
903 4458 994 4515 13,
1035 4458 1112 4507 14.
