3027 5263
1606 573 1732 636 198

722 769 1069 836 Secundum
1120 771 1227 833 has
1260 787 1652 853 personarum
1687 763 2109 827 distinctiones
2158 759 2495 846 generaleS,
2548 779 2624 821 ex
2655 756 2792 841 qui-

536 900 651 966 bus
684 921 891 964 rursus
916 899 1067 963 aliae
1102 897 1427 962 divisiones
1460 914 1648 958 nexae
1681 896 1846 969 sunt,
1874 889 1972 975 jus
1999 909 2388 974 personarum
2426 909 2547 972 quo
2573 884 2791 950 Latini

538 1028 874 1092 seeundum
906 1026 1101 1112 legem
1134 1025 1563 1110 Salpensanam
1603 1018 1954 1094 utebantur,
1993 1037 2288 1102 exponere
2320 1015 2383 1078 in
2419 1015 2626 1078 animo
2659 1018 2755 1076 est
2775 1061 2795 1089 ‚

536 1154 831 1240 quoniam
904 1152 1145 1217 nullum
1216 1173 1340 1215 non
1429 1171 1624 1235 genus
1696 1167 2122 1233 personarum,
2172 1165 2328 1228 quae
2389 1139 2805 1205 divisionibus

544 1281 669 1346 illis
714 1277 1345 1366 comprehenduntur,
1414 1276 1483 1339 in
1533 1273 1884 1359 municipiis
1931 1272 2156 1336 nostris
2189 1268 2638 1335 inveniebatur.

722 1407 943 1493 Itaque
990 1407 1187 1493 primo
1236 1405 1311 1468 de
1359 1403 1436 1468 iis
1484 1403 1592 1488 qui
1639 1410 1783 1466 sunt
1831 1400 2006 1466 liberi
2039 1407 2146 1464 aut
2175 1399 2366 1478 servi,
2408 1404 2547 1463 tum
2579 1398 2658 1463 de
2690 1397 2795 1462 his

539 1533 647 1620 qni
700 1541 845 1599 sunt
890 1533 985 1598 sui
1034 1531 1131 1597 vel
1180 1529 1365 1596 alieni
1406 1530 1558 1616 juris
1607 1527 1932 1594 dicendum
1981 1527 2114 1591 erit.

1566 1763 1772 1775 ...-

917 1929 957 2006 §
992 1927 1047 1996 1.
1124 1927 1212 1989 De
1249 1925 1328 1988 ii:
1366 1924 1477 2006 qni
1515 1926 1628 1988 aut
1661 1923 1845 1988 liberi
1883 1927 2028 1986 sunt
2065 1926 2177 1986 aut
2213 1923 2394 1988 servi.

730 2169 879 2236 Non
928 2192 1080 2257 opus
1129 2175 1218 2236 est
1266 2175 1335 2236 nt
1384 2170 1734 2251 ostendam,
1785 2168 1855 2234 ni
1903 2166 2116 2247 fallor,
2167 2174 2291 2233 tam
2339 2169 2566 2235 liberos
2611 2192 2798 2255 quam

545 2322 745 2366 servos
808 2298 1135 2385 Salpensae
1200 2297 1406 2362 fuisse.
1503 2298 1784 2375 Etenim,
1850 2304 1922 2362 nt
1977 2297 2052 2362 de
2116 2297 2302 2361 servis
2368 2298 2568 2382 primo
2618 2298 2802 2363 verba

546 2427 803 2507 faciam,
871 2426 1151 2492 libertate
1208 2426 1471 2490 carnisse
1521 2425 1846 2490 nonnullos
1893 2423 1961 2488 in
2013 2424 2385 2510 municipiO,
2456 2425 2648 2490 dubio
2697 2425 2803 2490 ob-

544 2555 795 2620 noxium
830 2576 958 2620 esse
990 2575 1115 2618 non
1149 2560 1385 2640 posset,
1418 2552 1660 2617 etiamsi
1693 2552 1758 2616 in
1793 2551 1906 2617 hae
1939 2552 2073 2639 ipsa
2103 2551 2236 2637 lege
2267 2551 2424 2618 nihil
2455 2552 2798 2640 quidquam

552 2684 628 2749 de
698 2684 815 2747 hoe
886 2689 1245 2768 argumento
1311 2688 1557 2747 cautum
1607 2680 1856 2757 fuisset,
1908 2703 2047 2746 nam
2115 2681 2372 2745 servitus
2431 2688 2526 2745 est
2576 2682 2804 2746 eonsti-

547 2811 705 2876 tutio
755 2809 911 2896 juris
962 2809 1236 2895 gentium
1277 2809 1353 2893 ι);
1426 2808 1531 2873 sed
1582 2830 1656 2873 ex
1701 2808 1835 2895 lege
1883 2807 2289 2894 Salpensana,
2339 2830 2415 2872 ex
2460 2808 2565 2873 illa
2631 2816 2803 2895 parte

546 2960 764 3023 nempe
812 2959 966 3022 quae
1012 2937 1090 3001 de
1136 2935 1321 3001 servis
1360 2936 1524 3022 apud
1573 2936 1839 3001 IIvimm
1881 2937 2364 3001 manumittendi&
2413 2938 2542 3021 agit
2565 2938 2617 3022 ²)
2642 2986 2660 3016 ,
2711 2940 2803 3002 in-

546 3065 829 3130 stitutum
894 3064 1047 3129 illud
1109 3064 1263 3149 juris
1312 3065 1586 3151 gentium
1638 3063 1960 3151 Salpensae
2009 3086 2252 3150 quoque
2301 3064 2561 3151 viguisse
2581 3114 2600 3144 ,
2650 3066 2800 3130 satis

548 3197 817 3279 apparet.

735 3317 829 3382 De
877 3316 1064 3383 servis
1112 3339 1369 3403 quorum
1416 3317 1480 3382 in
1547 3318 1908 3383 condicione
1971 3318 2142 3383 nulla
2190 3324 2282 3383 est
2329 3318 2673 3384 differentia
2709 3319 2796 3405 ³),

545 3442 721 3532 plura
791 3466 916 3511 non
987 3444 1247 3523 addam3
1322 3446 1527 3532 potius
1576 3442 1652 3511 de
1715 3445 1925 3512 liberis
1973 3446 2170 3511 dicam
2190 3492 2208 3523 ,
2262 3446 2367 3531 qui
2420 3468 2632 3512 omnes
2675 3470 2801 3512 non

546 3579 692 3637 sunt
764 3572 1033 3638 eiusdem
1108 3572 1522 3652 condicionis;
1613 3574 1679 3639 hi
1750 3574 1918 3639 enim
1992 3574 2083 3639 vel
2154 3574 2407 3660 ingenui
2481 3582 2628 3639 sunt
2699 3576 2796 3641 vel

546 3698 818 3766 libertini
852 3700 928 3785 4).

692 3967 726 4031 ¹)
800 3969 919 4019 Vide
954 3969 1047 4033 leg.
1082 3971 1115 4019 4
1150 3971 1174 4031 5
1212 3970 1262 4020 1.
1306 3968 1418 4020 0011.
1455 3968 1552 4035 leg.
1589 3970 1618 4019 ὅ
1658 3971 1682 4031 5
1721 3970 1770 4020 1.
1807 3970 1865 4021 D.
1901 3969 1961 4019 de
1993 3973 2104 4021 stat.
2128 3970 2248 4022 hom.
2275 3970 2415 4034 (1.5.)
2439 3973 2488 4020 et
2523 3972 2650 4023 Inst.
2681 3974 2810 4023 Just.

542 4054 647 4105 Lib.
689 4055 736 4105 1.
776 4053 872 4105 Tit.
912 4054 961 4103 3.
998 4056 1021 4116 5
1060 4054 1109 4105 2.
1355 4047 1360 4052 ⁸

692 4139 732 4199 2)
804 4138 922 4188 Vide
958 4138 1113 4204 Caput
1148 4139 1211 4189 28
1248 4139 1367 4203 Ieyic
1399 4140 1529 4202 Salp.
1565 4138 1626 4188 ef.
1663 4154 1852 4204 quoque
1891 4138 2168 4191 Rubi-icam.

689 4223 734 4287 ³)
804 4224 921 4274 Vide
975 4223 1066 4287 leg.
1122 4225 1169 4275 ὗ.
1222 4240 1298 4289 pr.
1350 4224 1411 4275 D.
1464 4225 1524 4273 de
1577 4227 1689 4275 stat.
1742 4225 1866 4274 hom.
1904 4225 2040 4287 (1.5).
2075 4226 2126 4273 et
2158 4224 2282 4275 Inaet.
2317 4224 2444 4273 Just.
2477 4223 2583 4275 Lib.
2623 4226 2676 4275 1.
2707 4226 2810 4295 Tit,

552 4311 582 4361 3
619 4312 642 4372 5
682 4312 730 4361 ὅ.

686 4392 729 4453 ⁴)
803 4392 925 4443 vido
980 4406 1179 4453 anun,
1232 4394 1356 4444 [ηεί.
1415 4394 1458 4445 1.
1510 4396 1535 4456 5
1589 4393 1671 4445 10.
1722 4394 1781 4444 ef.
1835 4396 1958 4446 Inst.
2001 4396 2127 4447 Just.
2163 4394 2269 4445 Lib.
2311 4396 2358 4446 1.
2397 4394 2494 4445 Tit.
2531 4396 2560 4443 3
2598 4397 2622 4457 5
2658 4396 2708 4447 ὅ.
2742 4396 2807 4447 ef.

550 4481 831 4545 Fraqmenta
872 4492 1113 4529 nostrum
1152 4480 1176 4540 5
1212 4480 1245 4527 4
1280 4481 1366 4541 (5.)
