3027 5263
138 595 146 622 ···
120 449 158 512 μ’
129 237 156 428 ?“-n-0.-..
79 7 240 221 ffl‹*i

996 1720 1615 1817 INTRODUCTIO.

1201 1975 1400 1982 ——-

374 2227 601 2288 Ansam
675 2220 842 2286 dedit
915 2221 1058 2285 huic
1124 2220 1538 2286 dissertationi
1609 2219 2079 2286 conscribendae
2151 2224 2427 2306 quaestio

184 2374 345 2418 anno
416 2352 592 2414 1863
660 2373 696 2413 a
766 2348 1078 2413 Facultate
1144 2348 1418 2414 Juridica
1491 2347 1855 2412 Academiae
1918 2349 2431 2434 Lugduno·Bata-

183 2502 291 2543 vae
354 2476 688 2564 proposita.
786 2474 934 2540 Fuit
997 2475 1178 2540 haec:
1257 2475 1669 2553 „Instituatur
1734 2475 2080 2560 disquisitio
2147 2476 2222 2542 de
2293 2501 2428 2543 aere

183 2606 559 2673 Malacitano
609 2610 670 2669 et
719 2603 1087 2690 Salpensano
1138 2604 1222 2668 ita
1271 2613 1342 2669 ut
1388 2603 1569 2668 simul
1612 2609 1898 2690 appareat
1932 2604 2083 2690 quid
2116 2605 2430 2671 conferant

1926 2731 1965 2761 n

187 2735 265 2799 ad
315 2734 670 2799 illustranda
718 2732 1012 2817 quaedam
1057 2732 1216 2816 juris
1289 2732 1549 2797 Romani
1616 2733 1922 2797 instituta.
2042 2733 2431 2820 Responsum

83 2892 118 2955 ‘3
183 2862 408 2927 studiis
458 2859 834 2924 Academicis
884 2858 1170 2924 confectis
1201 2866 1498 2943 tanquam
1533 2860 1837 2943 specimen
1862 2860 2217 2946 inaugurale
2252 2861 2427 2927 edere

81 2990 113 3057 ῗῖ,
186 2990 340 3054 mihi
409 2986 736 3073 proposui,
826 3008 1026 3070 neque
1097 2993 1300 3051 tamen
1377 2986 1507 3050 sine
1581 2988 1917 3051 mutatione
1999 2990 2428 3055 commentatio

186 3117 293 3181 illa
367 3116 484 3179 hoc
547 3120 816 3197 tempore
873 3112 1078 3198 prodit
1094 3138 1113 3189 ς
1183 3114 1306 3177 imo
1364 3113 1717 3199 gravissima
1775 3113 2079 3179 scribendi
2154 3116 2429 3180 materies

84 3306 87 3325 ,
182 3248 254 3308 ut
303 3244 524 3306 iterum
572 3246 1000 3325 argumentum
1051 3240 1418 3305 elaborarem
1467 3263 1563 3305 me
1612 3241 1804 3306 movit
1825 3266 1844 3318 3
1907 3242 2069 3305 unde
2119 3242 2267 3307 haec
2315 3243 2432 3307 dis·

187 3370 439 3433 sertatio
513 3368 957 3453 quodammodo
1033 3367 1219 3431 editio
1295 3375 1473 3432 aucta
1538 3376 1721 3454 atque
1784 3368 2096 3433 emendata
2160 3370 2431 3455 responsi

186 3496 308 3560 dici
378 3496 590 3581 possit.
687 3496 828 3559 Jam
901 3518 1041 3559 vero
1114 3495 1190 3559 de
1254 3493 1467 3558 eodem
1516 3504 1871 3581 argumento
1921 3518 2079 3560 anno
2125 3497 2430 3582 superiore

87 4014 104 4123 ‘⁸¹''“‘
86 3748 108 3983 “”““’“Ῥ’“’“ι““ιῖ
86 3696 99 3722 ·”
86 3628 89 3635 “
86 3574 105 3596 .-

86 3638 107 3690 ῑ.
184 3623 758 3687 commentationem
833 3622 1200 3707 conscripsit
1272 3630 1453 3707 atque
1522 3622 1713 3686 edidit
1793 3623 1903 3687 Dr.
1967 3644 2037 3686 M.
2088 3642 2215 3687 van·
2286 3644 2433 3689 ΗΕΒ

191 3750 292 3833 (de
351 3752 505 3814 Aere
571 3750 941 3834 Salpensano
1007 3756 1067 3812 et
1122 3748 1496 3814 Malacitano
1560 3749 1876 3834 Ultrajecti
1942 3752 2179 3834 1865),
2233 3772 2431 3835 neque

181 3885 386 3941 tamen
451 3883 765 3963 propterea
834 3898 1078 3941 necesse
1143 3877 1295 3940 mihi
1369 3876 1685 3941 videbatur
1732 3883 1802 3940 ut
1850 3900 1885 3940 a
1934 3876 2245 3962 proposito
2295 3899 2430 3942 meo

184 4006 532 4069 desisterem
547 4031 566 4082 3
637 4004 968 4069 nonnullas
1033 4006 1194 4069 enim
1246 4006 1666 4090 quaestioneS,
1719 4027 1873 4090 quae
1924 4026 2061 4069 cum
2118 4006 2429 4091 proposito

180 4137 540 4217 argumento
605 4139 765 4195 arcte
831 4130 1144 4195 cohaerere
1209 4130 1492 4195 videntur
1562 4132 1809 4195 nonnisi
1877 4132 2088 4196 leviter
2154 4132 2433 4217 exposuit

183 4258 316 4336 vir,
353 4258 520 4322 doct.
595 4258 662 4321 in
727 4257 860 4321 aliis
909 4279 1149 4344 quoque
1197 4281 1438 4343 prorsus
1488 4257 1563 4323 ab
1631 4258 1920 4345 opinione
1970 4280 2102 4323 mea
2153 4257 2430 4323 discedit.

182 4386 360 4467 Quae
433 4408 571 4449 cum
644 4386 732 4449 ita
796 4386 920 4449 sint
968 4387 1534 4451 commentationem
1586 4408 1780 4451 meam
1846 4386 2117 4450 modeste
2164 4386 2432 4449 virorum

181 4514 503 4578 doctorum
552 4514 817 4579 examini
866 4514 1200 4579 committo,
