3027 5263
1546 545 1627 604 60

465 735 932 822 completement
979 736 1064 800 les
1111 733 1622 821 municipalites.”
1719 735 2001 819 Spectat,
2053 736 2305 821 opinor,
2358 737 2467 801 vir.
2520 738 2596 802 cl.
2638 739 2717 802 ad

465 871 767 930 curatores
815 864 1209 946 reipublicae,
1260 885 1400 926 nam
1450 867 1756 926 curatores
1806 863 1914 947 qui
1953 863 2211 948 singulis
2244 865 2511 949 negotiis
2542 888 2719 950 prae-

465 990 821 1055 ficiebantur
839 1041 858 1070 ,
897 998 1042 1076 puta
1067 997 1368 1056 curatores
1393 1013 1703 1069 annonae,
1741 1013 1933 1076 aquae
1968 991 2312 1071 ducendae,
2343 993 2597 1072 aerarii,
2638 993 2715 1058 ab

467 1119 700 1184 Ordine
749 1120 1062 1206 eliguntur
1092 1122 1153 1206 ¹).
1217 1119 1484 1184 Ulterius
1532 1125 1735 1184 tamen
1787 1142 1971 1206 quam
2020 1143 2129 1206 par
2176 1127 2267 1184 est
2314 1129 2529 1186 auctor
2577 1143 2716 1207 pro·

466 1247 739 1332 greditur
759 1297 778 1327 ,
853 1249 960 1333 qui
1033 1255 1333 1312 curatores
1428 1246 1796 1331 reipublicae
1890 1247 2161 1312 Malacae
2234 1247 2437 1312 adesse
2514 1248 2717 1312 voluit

467 1380 739 1460 tempore
787 1395 1154 1454 Dom'rmm,
1209 1398 1352 1440 nam
1399 1375 1667 1460 primum
1724 1375 2067 1460 exemplum
2117 1377 2413 1440 curatoris
2462 1375 2539 1440 ab
2588 1376 2717 1440 Im-

463 1508 740 1587 peratore
814 1503 942 1566 dati
1014 1503 1275 1567 occurrit
1347 1508 1541 1566 aetate
1590 1522 1853 1566 'tanum
1880 1502 1951 1585 2).
2034 1502 2169 1566 Imo
2218 1502 2493 1567 Malacae
2543 1503 2713 1568 locus

463 1651 590 1693 non
662 1637 787 1694 erat
860 1631 1120 1693 curatori
1202 1629 1609 1714 reipublicae3
1679 1629 1806 1692 eius
1856 1629 2053 1693 officia
2100 1630 2398 1715 imprimis
2448 1653 2715 1716 compre-

465 1755 814 1820 hendebant
853 1778 1070 1848 curam
1116 1755 1421 1820 redituum
1471 1763 1533 1818 et
1580 1777 1830 1841 operum
1882 1756 2265 1841 publicorum
2298 1756 2378 1840 ³),
2431 1773 2616 1842 quam
2649 1758 2712 1820 in

467 1883 802 1967 municipio
848 1889 1052 1947 nostro
1097 1882 1169 1948 II
1215 1883 1360 1948 viris
1408 1882 1754 1947 mandatam
1803 1883 1987 1948 fuisse
2036 1883 2403 1947 videbimuS.

651 2012 956 2096 Apparuit
996 2013 1118 2096 jam
1167 2034 1266 2075 eos
1314 2011 1420 2096 qui
1469 2033 1721 2075 munera
1770 2011 2036 2075 obierint
2083 2013 2147 2075 in
2190 2011 2542 2096 municipiis
2574 2012 2707 2078 Fla-

467 2137 584 2202 viis
653 2138 832 2224 plane
889 2139 1078 2204 libero
1152 2139 1398 2203 arbitrio
1472 2161 1599 2202 non
1648 2161 1791 2202 usos
1842 2161 1965 2203 esse
2016 2138 2083 2202 in
2130 2139 2396 2224 negotiis
2445 2140 2707 2225 publicis

469 2267 754 2352 agendis;
805 2267 882 2332 de
931 2268 1044 2332 hac
1093 2289 1272 2332 causa
1321 2267 1407 2330 ita
1432 2267 1645 2330 statuit
1675 2265 1875 2351 Caput
1927 2269 2007 2331 67
2064 2266 2216 2352 legis
2266 2267 2705 2332 Malacitanae:

467 2394 615 2472 „Ad
681 2416 864 2478 quem
927 2395 1187 2478 pecunia
1236 2395 1578 2457 communis
1627 2394 2009 2478 municipum
2061 2394 2191 2458 eius
2242 2394 2539 2478 municipi
2586 2416 2713 2480 per·

469 2522 738 2599 venerit,
789 2522 1034 2586 heresve
1093 2523 1222 2586 eius
1270 2523 1395 2586 isve
1446 2523 1523 2586 ad
1575 2543 1758 2605 quem
1807 2544 1874 2584 ea
1922 2544 2016 2586 res
2066 2521 2427 2606 pertinebit,
2480 2522 2545 2584 in
2595 2521 2715 2584 die·

469 2648 584 2713 bus
659 2653 744 2713 30
822 2651 1152 2735 proximiS,
1226 2650 1448 2735 quibus
1495 2672 1565 2714 ea
1612 2650 1870 2736 pecunia
1918 2650 1993 2713 ad
2042 2672 2182 2713 eum
2230 2649 2596 2736 pervenerit,
2650 2650 2715 2713 in

468 2776 789 2861 publicum
839 2778 1224 2863 municipum
1275 2779 1400 2842 eius
1449 2778 1774 2863 municipii
1824 2800 1953 2841 eam
2000 2777 2239 2841 referto.
2334 2778 2583 2861 Quique
2630 2800 2714 2841 ra-

473 2906 668 2970 tiones
740 2930 1088 2972 communes
1135 2909 1526 2993 negotiumve
1575 2907 1738 2991 quod
1788 2929 2104 2971 commune
2154 2906 2534 2991 municipum
2584 2906 2713 2969 eius

475 3034 774 3121 municipi
845 3037 1093 3121 gesserit
1165 3036 1550 3113 tractaverit,
1626 3035 1678 3097 is
1752 3035 1995 3099 heresve
2054 3034 2183 3097 eius
2234 3033 2361 3097 isve
2412 3032 2487 3096 ad
2536 3054 2710 3117 quem

477 3184 547 3225 ea
617 3184 709 3225 res
780 3163 1112 3247 pertinebit
1175 3164 1241 3226 in
1290 3162 1508 3227 diebus
1558 3164 1643 3226 30
1698 3161 2029 3245 proximiS,
2083 3160 2305 3246 quibus
2355 3184 2425 3224 ea
2472 3160 2717 3245 negotia

478 3312 649 3353 easve
712 3290 979 3353 rationes
1046 3313 1250 3376 gerere
1322 3297 1579 3355 tractare
1628 3290 1897 3369 desierit,
1976 3287 2317 3373 quibusque
2366 3286 2717 3351 decuriones

481 3417 926 3501 conscriptique
975 3417 1362 3482 habebuntur
1409 3419 1673 3481 rationes
1724 3417 1887 3480 edito
1935 3412 2348 3500 redditoque.”
2422 3414 2579 3477 Inde
2620 3436 2719 3497 ap-

478 3551 686 3629 paret,
739 3545 1088 3630 quicunque
1136 3566 1358 3607 munus
1391 3544 1711 3629 publicum
1738 3549 2047 3629 gererent,
2085 3542 2161 3604 iis
2197 3540 2433 3604 cunctis
2459 3542 2719 3605 rationes

479 3672 712 3757 negotii
783 3672 939 3759 gesti
1009 3668 1343 3737 reddendas
1398 3671 1587 3734 fuisse
1636 3670 1797 3733 intra
1846 3673 1931 3733 30
1987 3669 2117 3731 dies
2164 3673 2305 3753 post
2353 3688 2577 3731 munus
2626 3667 2719 3732 de-

479 3800 782 3883 positum3
831 3800 1079 3885 insuper
1127 3799 1234 3885 qui
1282 3805 1557 3883 gerentes
1606 3798 1925 3883 pecuniam
1974 3794 2283 3880 publicam
2334 3800 2717 3879 acceperant,

484 3926 696 3991 eodem
760 3927 1046 4011 temporis
1094 3928 1327 4012 spati0,
1383 3949 1418 3989 a
1466 3926 1565 3989 die
1613 3947 1734 4010 quo
1794 3930 2146 4009 acceperant
2179 3927 2567 4007 computatO,
2630 3942 2721 3984 co·

483 4052 781 4139 gebantur
871 4053 1042 4117 illam
1135 4055 1202 4117 in
1280 4053 1598 4139 publicum
1685 4050 1938 4128 referre,
2030 4050 2164 4113 aliis
2237 4048 2469 4113 verbis:
2548 4067 2720 4130 pecu-

629 4230 663 4291 ¹)
733 4230 842 4282 vid.
876 4243 1061 4289 zum’r,
1102 4230 1151 4277 in
1195 4232 1428 4279 Commeat
1462 4227 1725 4291 Epiyraph.
1762 4226 1816 4283 I,
1857 4242 1903 4290 p.
1945 4224 2230 4275 150-152.

627 4314 666 4377 2)
738 4314 814 4363 Cf.
847 4314 1047 4363 eundem
1083 4317 1328 4363 auctorem
1362 4314 1409 4361 in
1449 4312 1543 4376 Op.
1580 4311 1612 4360 l.
1650 4327 1699 4375 p.
1738 4310 1852 4359 153.

626 4399 664 4463 3)
736 4398 843 4449 vid.
879 4399 970 4463 leg.
1010 4400 1071 4447 18
1107 4402 1129 4459 ᾗ
1166 4400 1195 4447 9
1233 4400 1294 4448 D.
1329 4399 1389 4447 de
1422 4414 1549 4446 mun.
1588 4400 1633 4445 et
1667 4396 1773 4445 hon.
1816 4394 1972 4455 (50.4)
2009 4394 2101 4455 leg.
2142 4392 2169 4440 3
2206 4393 2228 4451 ς
2270 4392 2293 4439 l
2334 4391 2391 4439 D.
2428 4390 2488 4438 de
2510 4389 2619 4437 adm
2636 4404 2726 4437 rer.

487 4488 663 4551 (50.8).
701 4487 760 4535 cf.
798 4500 984 4549 quoque
1017 4484 1109 4549 leg.
1146 4484 1210 4531 4ss
1249 4484 1308 4534 D.
1344 4484 1402 4531 de
1436 4484 1609 4531 damno
1652 4481 1743 4545 inf.
1784 4479 1987 4543 (39.13).
