3027 5263
1559 556 1687 619 170

501 750 897 835 possessionis
946 751 1329 835 praediorum
1379 750 1793 836 arripiendae,
1827 750 1987 835 quod
2008 751 2141 835 jure
2175 752 2449 837 pignoris
2484 751 2740 839 privatis

497 886 833 965 competere
881 886 1133 945 constat.
1209 880 1376 944 Num
1431 879 1771 943 interdictis
1820 878 2133 943 vetabatur
2166 887 2373 945 contra
2406 883 2739 968 apprehen-

499 1008 730 1073 sionem
773 1009 1170 1095 possessionis
1205 1010 1325 1073 vim
1374 1009 1503 1073 fieri
1540 1006 1625 1093 ¹)?
1700 1008 1840 1089 Quo
1888 1009 2153 1072 remedio
2210 1008 2498 1074 utebatur
2531 1034 2738 1098 respu-

500 1136 658 1201 blica
709 1136 762 1201 si
810 1136 966 1202 bona
1015 1136 1364 1223 subsignata
1415 1142 1825 1200 everterentur
1870 1137 1998 1200 sive
2046 1137 2253 1203 fraude
2288 1138 2742 1205 alienarentur?

499 1264 733 1351 Operae
780 1267 1045 1353 pretium
1093 1266 1314 1331 fuisset
1359 1266 1510 1330 haec
1559 1264 1766 1331 omnia
1814 1273 2089 1329 accurate
2138 1266 2425 1331 indicare.

693 1394 968 1479 Denique
1001 1393 1150 1478 quid
1199 1393 1442 1457 tandem
1491 1391 1779 1478 prodest,
1830 1414 2089 1476 quaere,
2116 1394 2218 1478 jus
2244 1394 2517 1479 pignoris
2548 1394 2743 1475 illud,

498 1520 660 1607 quod
689 1532 1023 1587 memorant
1060 1523 1444 1607 interpretes,
1487 1543 1628 1585 cum
1670 1542 1765 1583 res
1794 1520 1859 1584 in
1886 1520 2112 1605 quibus
2149 1522 2577 1603 constituitur,
2609 1524 2743 1607 jam

499 1648 585 1711 ita
626 1649 911 1714 creditori
937 1648 1204 1736 obligata
1229 1649 1356 1712 sint
1380 1656 1451 1712 ut
1476 1647 1851 1734 obligatione
1885 1648 2206 1711 commissa
2234 1649 2439 1714 venire
2464 1651 2747 1736 possint?

685 1778 982 1859 Quamvis
1055 1778 1243 1863 igitur
1308 1777 1446 1861 jure
1518 1776 1793 1863 pignoris
1846 1775 1959 1840 hoc
2008 1798 2129 1839 non
2179 1776 2402 1840 factum
2454 1800 2581 1843 esse
2632 1802 2746 1865 pu·

496 1910 654 1983 tem,
730 1906 1130 1970 nihilominus
1205 1911 1433 1969 certum
1507 1912 1599 1969 est
1648 1903 2163 1989 subsignationem
2213 1904 2601 1989 praediorum
2679 1908 2742 1971 in

455 2032 780 2109 ,maiorem
854 2033 1066 2098 crediti
1118 2033 1498 2098 securitatem
1552 2055 1668 2097 usu
1718 2032 1987 2109 venisse,
2041 2054 2118 2097 sc.
2169 2054 2352 2110 „cum
2403 2034 2553 2097 satis
2604 2056 2745 2099 cau·

494 2167 626 2225 tum
667 2184 790 2226 non
825 2182 956 2225 esse
991 2161 1294 2225 videretur
1341 2158 1731 2247 praedibuS.”
1780 2158 1877 2223 Ab
1927 2158 2092 2223 hisce
2142 2158 2340 2223 verbis
2376 2160 2613 2245 Capitis
2654 2166 2737 2225 60

493 2289 684 2375 igitur
748 2289 1252 2376 proficiscendum
1321 2287 1565 2352 videtur
1627 2288 1693 2351 in
1758 2287 2113 2373 explicando
2170 2288 2304 2372 jure
2370 2288 2743 2373 reipublicae

501 2418 563 2481 in
614 2418 879 2503 praediis
928 2416 1316 2502 subsignatis

681 2546 880 2631 Magis
929 2544 1249 2610 cavebatur
1296 2542 1794 2629 subsignatione,
1852 2542 1993 2607 licet
2019 2543 2220 2609 omnia
2248 2542 2437 2620 bona,
2492 2545 2745 2631 praedia

494 2695 735 2759 quoque
787 2673 1127 2740 debitorum
1179 2679 1238 2737 et
1287 2672 1577 2758 praedum
1628 2672 1993 2758 reipublicae
2042 2672 2309 2758 obligata
2352 2673 2471 2757 jam
2500 2681 2744 2752 essent3

495 2824 636 2887 ergo
685 2801 1128 2888 subscriptione
1176 2801 1280 2865 illa
1343 2801 1592 2886 praedia
1640 2800 1825 2865 videri
1878 2807 2128 2886 possent
2176 2801 2397 2866 arctius
2449 2801 2709 2887 obligari
2722 2827 2740 2881 3

493 2952 690 3016 neque
761 2936 966 2995 tamen
1037 2929 1354 3016 specialem
1430 2929 1871 3015 obligationem
1945 2929 2238 2991 constitui
2320 2934 2469 3012 puto
2542 2928 2747 2993 subsi-

494 3060 822 3144 gnatione,
875 3062 995 3125 imo
1045 3060 1515 3146 probabiliorem
1558 3059 1714 3123 duco
1772 3059 2135 3124 sententiam
2186 3080 2367 3143 quam
2417 3059 2635 3124 acriter
2687 3067 2748 3124 et

494 3187 820 3273 prudenter
868 3189 1278 3274 propugnavit
1326 3207 1739 3264 thMERMAN,
1817 3187 1925 3272 qui
1978 3185 2496 3272 subsignationem
2552 3208 2748 3252 reme-

497 3315 663 3379 dium
722 3315 904 3380 fuisse
955 3324 1128 3401 putat
1176 3324 1382 3381 contra
1431 3316 1880 3402 profusionem,
1950 3314 2386 3400 negligentiam
2437 3313 2531 3378 vel
2580 3314 2747 3380 frau-

495 3443 630 3507 dem
697 3444 1004 3509 debitoris.
1099 3445 1284 3509 Praes
1349 3446 1552 3522 enim,
1622 3444 1768 3508 licet
1816 3443 2080 3529 obligata
2134 3449 2365 3519 essent,
2424 3441 2583 3506 bona
2636 3466 2750 3508 sua

496 3577 754 3636 evertere
825 3572 949 3636 sive
1011 3573 1221 3637 fraude
1286 3572 1547 3637 alienare
1612 3579 1864 3658 poterat.
1964 3571 2174 3649 „Huic
2230 3569 2590 3648 facillime''‚
2679 3579 2749 3636 ut

495 3706 632 3763 utar
683 3701 878 3764 verbis
928 3701 1191 3765 auctoris
1239 3700 1506 3778 laudati,
1542 3701 1591 3784 2)
1643 3699 1923 3778 „occurri
1956 3703 2219 3784 poterat,
2270 3698 2321 3761 si
2354 3698 2749 3782 magistratui

495 3827 792 3891 nonnulla
842 3828 1032 3908 bona,
1102 3829 1361 3892 maxime
1410 3827 1788 3906 immobilia,
1859 3827 2109 3905 domne,
2172 3826 2336 3910 agri,
2391 3847 2547 3909 quae
2596 3833 2663 3890 et
2714 3849 2749 3891 a

496 3955 792 4020 creditore
839 3957 1123 4041 praeferri
1171 3977 1414 4020 necesse
1463 3966 1619 4019 esset
1660 3961 1719 4019 et
1768 3955 1929 4040 apud
1981 3953 2313 4018 debitorem
2364 3952 2750 4019 commodius

494 4089 903 4163 remanerent,
957 4085 1431 4170 designabantur
1464 4107 1620 4170 quae
1654 4083 2031 4149 exsecutioni
2062 4080 2285 4167 surripi
2310 4103 2433 4145 non
2470 4087 2744 4166 possent.

641 4398 673 4457 ¹)
747 4397 865 4445 Vide
899 4409 1195 4453 saeuorum,
1241 4397 1440 4460 I‘fandr.
1478 4412 1525 4461 p.
1565 4395 1657 4454 11,
1701 4395 1777 4444 12.

640 4482 677 4545 2)
752 4481 867 4533 Vide
903 4481 1028 4530 Bisa.
1065 4498 1112 4552 p.
1156 4482 1248 4540 19,
1285 4482 1366 4538 20.
