3027 5263
1604 579 1684 642 ⁷2

520 779 603 844 du
648 773 819 842 senat
866 772 1232 861 municipal,
1259 774 1320 860 je
1351 771 1496 838 n’en
1528 771 1646 837 sais
1686 793 1797 858 pas
1827 770 2061 838 d'autre
2094 773 2429 859 exemple.”
2478 775 2781 844 Attamen

535 927 641 974 ion
689 904 915 970 desunt
962 903 1234 989 exempla
1282 901 1577 967 Senatum
1619 900 1967 967 Romanum
2010 901 2285 986 juratum
2334 902 2673 970 decrevisse
2706 907 2774 992 ¹).

705 1029 968 1096 Accedit
1041 1029 1208 1115 quod
1286 1030 1354 1094 in
1402 1028 1535 1115 lege
1582 1027 1921 1093 Puteolana
1970 1049 2214 1113 quoque
2262 1029 2494 1094 mentio
2544 1037 2639 1095 est
2680 1031 2777 1117 ju-

517 1156 852 1244 risjurandi
901 1156 1322 1222 decurionum.
1372 1155 1472 1220 Ibi
1522 1155 1685 1220 enim
1732 1153 1958 1240 legitur
1998 1154 2105 1219 ubi
2132 1155 2207 1220 de
2232 1155 2463 1240 pariete
2487 1155 2777 1223 faciendo

515 1305 711 1350 sermo
777 1290 908 1349 est:
976 1281 1210 1365 „Quod
1275 1305 1486 1347 eorum
1533 1280 1760 1368 viginti
1807 1280 2200 1366 probaverint
2247 1281 2507 1367 probum
2564 1289 2698 1349 esto
2714 1283 2778 1364 ,”

520 1411 607 1477 ita
654 1418 727 1476 ut
773 1410 939 1475 idem
985 1409 1264 1476 Puteolis
1307 1409 1636 1474 invaluisse
1683 1415 1925 1500 constet
1952 1409 2025 1496 2).

708 1541 751 1606 J
754 1541 878 1627 urej
890 1539 1118 1605 urando
1188 1539 1480 1625 praestito
1555 1537 1892 1603 decernunt
1963 1537 2325 1603 decuriones
2396 1560 2506 1625 per
2583 1537 2777 1604 tabel-

519 1667 677 1749 lam,
746 1666 792 1732 i.
837 1689 892 1732 e.
963 1665 1318 1752 suffragium
1390 1666 1613 1731 ferunt.
1706 1663 1933 1730 Fusius
1980 1665 2056 1729 de
2103 1665 2223 1729 hoc
2270 1664 2453 1730 modo
2500 1665 2776 1753 suffragii

521 1792 753 1860 ferendi
824 1814 1021 1857 sermo
1095 1792 1209 1856 erit
1273 1814 1411 1857 cum
1460 1792 1535 1856 de
1585 1791 1892 1878 suffragiis
1942 1815 2115 1877 agam
2166 1792 2234 1856 in
2282 1792 2548 1857 comitiis
2596 1793 2737 1858 latis
2756 1818 2777 1871 ς

522 1920 640 1985 hoc
685 1918 824 1985 loco
872 1917 1138 1983 sufficiat
1186 1917 1406 1982 addere
1453 1917 1728 2004 singulos
1772 1918 2126 1982 decuriones
2153 1917 2439 1983 tabellam
2472 1920 2775 2006 accepisse

523 2045 624 2110 cui
670 2045 919 2110 nomina
967 2045 1426 2109 candidatorum
1475 2044 1892 2109 inscriberent.
1942 2044 2183 2110 Notum
2232 2051 2323 2109 est
2370 2043 2607 2110 Romae
2658 2046 2775 2113 sub

527 2193 798 2239 'ruarmo
846 2173 1220 2258 Imperatore
1270 2173 1516 2236 demum
1565 2171 1896 2237 invaluisse
1946 2176 2016 2236 ut
2048 2179 2356 2236 senatores
2391 2195 2499 2257 per
2523 2173 2778 2238 tabellas

530 2301 816 2387 suffragia
861 2300 1087 2366 ferrent
1114 2300 1163 2385 ³)
1186 2352 1206 2380 ,
1260 2299 1421 2364 unde
1456 2299 1711 2364 miratur
1742 2319 2111 2365 LABOULAYE
2144 2299 2499 2366 decuriones
2532 2301 2776 2366 tabellis

535 2450 676 2494 usos
709 2451 836 2494 esse
883 2427 1161 2492 Malacae
1208 2433 1537 2514 antequam
1584 2449 1705 2491 usu
1749 2428 2010 2491 venisset
2040 2427 2284 2494 Romae.
2411 2407 2415 2412 ’

718 2553 950 2620 ‘Verum
984 2575 1109 2618 esse
1140 2559 1312 2641 put0,
1341 2554 1524 2639 vulgo
1548 2553 1830 2618 instituta
1852 2554 2265 2619 Romanorum
2293 2554 2648 2643 municipiis
2679 2579 2782 2623 ex-

533 2683 736 2769 emplo
758 2682 940 2747 fuisse
957 2706 978 2762 3
1004 2687 1269 2746 attamen
1288 2690 1601 2767 propterea
1617 2704 1741 2747 non
1760 2705 1994 2768 semper
2012 2683 2217 2748 eadem
2240 2682 2781 2770 deprehenduntur

533 2817 596 2877 et
618 2810 849 2877 Romae
897 2814 959 2875 et
1005 2809 1073 2874 in
1121 2809 1519 2896 municipiis3
1571 2814 1771 2894 potest
1817 2815 2023 2874 tamen
2057 2810 2329 2896 suffragii
2361 2811 2596 2875 ferendi
2626 2813 2782 2878 ratio

537 2960 646 3026 per
679 2936 965 3002 tabellam
1014 2936 1327 3023 proprium
1385 2936 1536 3021 quid
1586 2936 1854 3001 Malacae
1902 2936 2085 3000 fuisse
2133 2959 2300 3001 more
2347 2938 2643 3023 majorum
2691 2938 2782 3004 ibi

537 3066 936 3132 constitutum
962 3064 1049 3152 ⁴);
1100 3071 1406 3130 caeterum
1455 3063 1607 3129 adeo
1637 3064 1860 3129 mirum
1885 3085 2133 3150 prorsus
2155 3087 2279 3130 uon
2306 3065 2548 3130 videtur
2572 3066 2781 3132 eadem

673 3268 712 3329 1)
783 3268 876 3317 vid
909 3280 1013 3318 mir.
1051 3267 1142 3325 26,
1179 3268 1260 3317 33.
1298 3268 1390 3326 30,
1427 3268 1512 3319 40.
1551 3267 1641 3324 42,
1682 3266 1762 3316 21.

669 3350 710 3413 ἵ)
781 3350 841 3401 cf.
876 3364 1129 3401 normam
1163 3352 1458 3401 Stadtrechte
1494 3367 1541 3416 p.
1579 3352 1695 3401 446.
1732 3352 1833 3400 not.
1870 3351 1985 3399 161.
2012 3350 2135 3401 Cum
2172 3350 2240 3401 ita
2272 3350 2349 3400 vir
2384 3349 2499 3401 clar.
2536 3350 2779 3415 loquitur:

531 3435 654 3497 „Die
689 3435 1000 3498 Ablieferung
1033 3435 1116 3485 des
1153 3435 1349 3485 Werkes
1386 3436 1477 3485 soll
1511 3435 1750 3499 geschehn
1787 3451 1849 3485 au
1882 3436 1962 3485 die
1998 3436 2215 3485 Dnovirn
2252 3435 2350 3485 und
2391 3436 2467 3484 ein
2505 3451 2590 3485 aus
2626 3451 2779 3499 gewe·

528 3536 672 3571 senen
709 3521 928 3572 Duovirn
966 3520 1278 3569 bestehendes
1313 3521 1565 3571 consilium
1581 3558 1595 3579 ,
1616 3536 1709 3570 von
1728 3520 1864 3570 nicht
1883 3521 2090 3583 weniger
2110 3520 2182 3569 als
2207 3521 2415 3583 zwanzig
2439 3520 2751 3585 Mitgliederu
2769 3558 2784 3581 ‚

531 3606 684 3657 videri
720 3610 881 3671 posset
915 3609 1082 3656 auctor
1117 3606 1354 3669 respicere
1387 3605 1449 3653 ad
1483 3606 1615 3654 aliud
1651 3605 1892 3669 quoddam
1928 3605 2208 3663 consilium,
2245 3621 2333 3653 nec
2370 3620 2485 3654 vero
2521 3605 2581 3654 ad
2601 3606 2783 3656 curiam

529 3690 875 3751 Puteolanam3
910 3691 1035 3755 quod
1071 3690 1112 3739 si
1149 3689 1353 3740 voluerit
1388 3689 1506 3754 legis
1541 3688 1687 3739 verba
1722 3690 1765 3738 ei
1801 3693 1913 3739 sunt
1948 3690 2249 3755 opponenda.
2319 3690 2484 3739 Sermo
2521 3690 2651 3739 enim
2685 3707 2783 3740 non

532 3778 605 3825 est
638 3775 686 3825 in
725 3776 828 3841 lege
864 3776 1108 3826 cuiusdam
1143 3775 1328 3824 consilii
1365 3776 1498 3824 cuius
1535 3774 1705 3839 viginti
1742 3790 1970 3838 personae
2009 3779 2120 3823 sunt
2139 3774 2427 3839 participes,
2451 3789 2619 3824 verum
2643 3792 2780 3840 prae-

532 3861 686 3909 sentia
733 3865 860 3909 certe
907 3861 972 3910 20
1008 3860 1319 3909 decurionum
1355 3859 1633 3922 requiritur.
1703 3859 1779 3908 Ita
1816 3859 1944 3907 enim
1980 3860 2210 3924 scriptum
2246 3863 2318 3907 est
2352 3859 2402 3907 in
2438 3859 2564 3923 leges
2637 3861 2782 3918 „Hoc

533 3958 655 4007 opus
690 3958 831 3993 omne
865 3944 1008 3993 facito
1045 3944 1278 3994 arbitratu
1314 3944 1367 3993 11
1404 3944 1618 3993 virorum
1652 3947 1700 3993 et
1737 3944 1788 3993 11
1823 3944 2046 3993 viratium
2083 3945 2163 4008 qui
2199 3945 2249 3991 in
2276 3944 2476 3992 consilio
2500 3943 2658 3994 solent
2684 3960 2785 3996 esse

535 4027 750 4079 Puteolis
802 4028 979 4077 dumne
1028 4028 1186 4079 minus
1240 4029 1410 4094 viginti
1462 4030 1661 4088 adsunt,
1700 4044 1809 4079 cum
1844 4045 1899 4079 ea
1934 4045 2009 4079 res
2044 4027 2381 4086 consuletur;”
2432 4031 2535 4077 tum
2571 4030 2786 4093 sequitur

533 4113 760 4179 periodus
787 4114 890 4180 jam
923 4113 1137 4165 laudata.
1205 4115 1289 4165 Me
1324 4115 1480 4164 iudice
1516 4114 1704 4163 nonnisi
1741 4114 1801 4164 ad
1836 4115 2018 4165 curiam
2053 4113 2367 4164 Puteolanam
2401 4112 2519 4163 haec
2550 4114 2787 4181 respicere

535 4201 760 4264 possunt.

677 4282 717 4347 ³)
789 4284 882 4333 vid
917 4297 1136 4334 rumim
1169 4284 1321 4347 Epist.
1358 4286 1416 4344 8,
1454 4285 1538 4335 20.

673 4367 720 4431 ⁴)
787 4369 863 4419 Ad
915 4385 1072 4419 mores
1123 4369 1343 4436 legesque
1396 4372 1722 4437 cuiuscunque
1766 4371 1862 4423 loci
1898 4388 1926 4423 a
1961 4370 2191 4423 Romanis
2228 4384 2415 4435 semper
2446 4368 2789 4435 spectabatur,

542 4453 650 4503 vide
685 4452 777 4518 leg.
818 4458 844 4503 5
885 4456 907 4517 ς
945 4455 970 4504 1
1011 4454 1072 4505 D.
1107 4456 1168 4505 de
1189 4454 1306 4516 jure
1339 4456 1645 4507 immunitatis
1678 4456 1850 4522 (50.6).
