3027 5263
1594 618 1721 681 150

524 823 646 881 tem
697 836 870 879 suam
919 814 981 877 in
1049 812 1434 898 quaestiones
1508 810 1828 875 transferre
1876 811 2181 896 coepisse3
2234 811 2419 875 initio
2470 814 2787 897 quaestori

525 942 800 1028 singulae
851 963 1062 1005 causae
1113 938 1541 1025 dijudicandae
1588 938 2033 1003 mandabantur
2072 940 2155 1023 ¹),
2224 947 2433 1024 postea
2482 940 2789 1023 quaestio-

535 1094 641 1135 nes
689 1076 1012 1156 perpetuae
1053 1068 1244 1133 factae
1279 1073 1420 1131 sunt
1447 1067 1518 1147 ²).
1620 1067 1775 1130 Cum
1826 1072 2023 1129 autem
2059 1065 2294 1151 saepius
2327 1065 2655 1130 Senatores
2692 1068 2796 1131 ha-

527 1221 662 1263 rum
730 1198 1150 1282 quaestionum
1218 1202 1418 1259 essent
1480 1194 1847 1279 participeS,
1916 1216 2124 1259 eorum
2175 1216 2417 1279 quoque
2468 1202 2672 1281 partes
2720 1197 2787 1259 in

526 1326 946 1412 jurisdictione
1011 1322 1371 1410 spectandae
1437 1327 1621 1399 sunt3
1692 1320 2086 1406 caeteroquin
2150 1321 2387 1405 injussu
2440 1322 2661 1407 populi
2711 1323 2789 1387 de

531 1452 768 1519 civibus
818 1451 1112 1517 Romanis
1161 1474 1268 1537 per
1315 1450 1605 1514 Senatum
1656 1450 1757 1535 agi
1820 1472 1944 1514 non
1995 1455 2229 1534 poterat
2262 1450 2333 1535 ²³).
2431 1451 2624 1516 Extra
2672 1451 2797 1516 Ro-

534 1604 694 1647 mam
759 1588 882 1645 tam
947 1579 1181 1644 ratione
1245 1578 1458 1643 habita
1522 1576 1735 1643 Italiae
1801 1600 1985 1661 quam
2043 1578 2494 1664 provinciarum
2548 1601 2795 1644 summa

519 1710 863 1796 jurisdictio
914 1706 1166 1775 Senatui
1215 1705 1598 1791 competebat
1632 1706 1711 1791 4).

723 1839 898 1919 Quae
948 1837 999 1899 si
1049 1834 1277 1900 Romae
1327 1834 1455 1897 fieri
1506 1840 1747 1918 reputes
1796 1838 2067 1918 tempore
2100 1832 2505 1919 reipublicae,
2558 1835 2621 1898 in
2662 1858 2797 1900 mu·

532 1968 773 2053 nicipiis
822 1988 1062 2051 quoque
1110 1962 1462 2028 huiusmodi
1513 1962 1663 2046 quid
1712 1960 1929 2047 procul
1978 1961 2167 2026 dubio
2215 1984 2339 2027 non
2388 1986 2637 2049 prorsus
2687 1965 2791 2029 de-

535 2095 950 2174 siderabatur3
1003 2092 1165 2178 leges
1213 2091 1455 2155 Flaviae
1505 2098 1709 2154 tamen
1758 2113 1953 2175 pauca
2004 2090 2078 2155 de
2112 2092 2227 2155 hoc
2259 2100 2617 2178 argumento
2652 2116 2794 2159 con·

540 2227 766 2301 tinent,
817 2225 900 2286 ita
953 2226 1021 2284 ut
1070 2220 1205 2284 illas
1253 2220 1352 2283 hic
1401 2219 1531 2283 illic
1578 2218 1857 2304 supplere
1907 2240 2210 2305 cogamur.

726 2346 1073 2413 Verisimile
1123 2353 1212 2411 est
1263 2347 1652 2431 magistratus
1701 2346 2099 2431 municipales
2150 2346 2346 2432 capite
2405 2370 2648 2434 quoque
2696 2372 2799 2414 ac·

546 2479 738 2544 cusari
806 2477 1112 2563 potuisse3
1180 2474 1455 2559 quaestio
1519 2497 1657 2538 vero
1709 2474 1798 2538 sic
1846 2475 2072 2553 oritur,
2138 2475 2240 2539 oui
2290 2476 2437 2539 haec
2484 2479 2790 2542 accusatio

543 2604 962 2695 cognoscenda
1011 2602 1634 2689 atque-dijudicanda
1683 2600 1915 2667 fuerit?

735 2733 1166 2810 Comitiorum,
1221 2754 1376 2816 quae
1428 2729 1819 2815 caeteroquin
1869 2736 2138 2816 tempore
2186 2751 2526 2797 DOMITIANI
2574 2757 2793 2821 magna

543 2865 606 2928 in
657 2861 1010 2947 municipiis
1059 2860 1288 2926 Flaviis
1338 2859 1668 2924 utebantur
1716 2864 2047 2944 potestate,
2100 2882 2317 2944 parvae
2356 2861 2569 2945 procul
2604 2862 2791 2928 dubio

543 2998 714 3058 erant
776 2997 976 3076 partes
1041 2990 1104 3052 in
1147 2987 1573 3074 jurisdictione
1586 3011 1605 3065 3
1672 2993 1952 3063 testatur,
2023 2987 2267 3072 opinor,
2335 2987 2466 3074 ipsa
2516 2989 2615 3054 lex
2662 2991 2793 3055 Ma·

544 3122 843 3200 lacitana,
911 3139 1064 3203 quae
1138 3117 1312 3182 docet
1387 3115 1877 3202 provocationem
1946 3115 2272 3180 multarum
2340 3139 2374 3180 a
2441 3118 2792 3203 magistratu

547 3248 971 3334 impositarum
1023 3245 1285 3308 comitiis
1320 3244 1710 3329 denegatam,
1761 3244 1884 3308 imo
1922 3243 2173 3308 Senatui
2208 3266 2555 3309 concessam
2588 3246 2793 3314 fuisse.

737 3372 960 3457 Neque
1028 3378 1231 3436 tamen
1295 3378 1614 3459 propterea
1663 3377 1813 3457 puto
1864 3371 2158 3436 Ordinem
2210 3371 2639 3458 jurisdictione
2686 3377 2797 3440 eri·

547 3501 759 3567 minali
827 3523 1001 3565 usum
1068 3522 1224 3579 esse,
1294 3500 1418 3564 imo
1471 3499 1523 3563 si
1574 3507 1817 3584 reputes
1865 3499 2119 3584 plenum
2174 3499 2495 3586 imperium
2541 3503 2606 3567 in
2664 3527 2794 3588 pro-

550 3629 770 3694 vinciis
819 3628 982 3713 apud
1031 3627 1420 3712 proconsules
1471 3625 1704 3704 fuisse,
1757 3627 1805 3691 ii
1854 3649 2097 3712 quoque
2154 3627 2229 3693 de
2278 3628 2583 3693 eiusmodi
2632 3653 2799 3696 accu-

551 3758 784 3822 satione
833 3755 1306 3842 magistratuum
1355 3753 1710 3840 cognovisse
1760 3755 2065 3819 videntur.

725 3884 878 3948 Alia
928 3882 1200 3968 quaestio
1248 3887 1365 3962 est,
1402 3903 1553 3946 num
1586 3881 1751 3947 civili
1787 3904 2029 3968 quoque
2062 3881 2195 3967 lege
2227 3883 2619 3969 magistratus
2664 3909 2800 3952 con-

695 4185 731 4250 1)
803 4185 922 4235 Vide
959 4184 1051 4249 leg.
1091 4184 1138 4236 2.
1175 4150 1210 4246 §¹
1237 4185 1320 4236 23.
1356 4186 1415 4235 D.
1453 4187 1513 4234 de
1553 4186 1636 4237 Or.
1670 4186 1821 4238 Jurie.
1858 4187 1978 4250 (1.2)
2016 4187 2077 4236 cf.
2116 4200 2323 4247 mvluu,
2363 4187 2468 4238 Lib.
2506 4191 2555 4237 4.
2584 4189 2702 4256 Cap.
2728 4194 2805 4244 51.

550 4273 655 4323 Lib.
693 4273 739 4322 9.
778 4272 892 4336 Cap.
933 4273 1018 4328 26;
1063 4271 1169 4320 Lib.
1209 4271 1290 4319 31.
1329 4271 1442 4335 Cap.
1485 4271 1572 4320 12.

694 4357 733 4418 ²)
805 4357 878 4406 cf.
913 4367 1215 4405 Laeonum
1251 4355 1300 4404 in
1337 4355 1523 4421 Operez
1562 4356 1705 4405 Essai
1741 4357 1823 4406 des
1856 4357 1944 4406 lois
1984 4357 2124 4407 Crim.
2160 4373 2208 4422 p.
2248 4357 2371 4418 183,
2410 4373 2512 4422 sqq.

695 4442 734 4504 8)
809 4443 924 4492 Vide
960 4455 1170 4500 mvruir,
1210 4441 1314 4492 Lib.
1353 4443 1401 4492 4.
1445 4443 1564 4507 Cap.
1604 4441 1683 4491 50.
1721 4442 1825 4492 Lib.
1865 4444 1949 4493 26.
1985 4444 2100 4508 Cap.
2140 4445 2221 4494 33.

695 4525 741 4590 4)
808 4527 928 4575 Vide
963 4538 1254 4586 romaum,
1294 4526 1427 4577 6.13.
1466 4531 1516 4576 et
1550 4539 1762 4586 mviuu,
1802 4527 1904 4580 Lib.
1946 4528 2024 4577 10.
2062 4526 2178 4592 Cap.
2216 4527 2266 4576 1.
