3027 5263
1653 581 1739 644 42

1491 774 1772 840 CAPUT
1819 776 1874 840 I.

1415 951 1525 1000 DE
1580 951 1966 1001 POPULO.

753 1132 848 1196 Ex
905 1131 982 1195 iis
1030 1153 1184 1217 quae
1231 1153 1411 1217 supra
1460 1130 1769 1216 disputata
1797 1137 1941 1197 sunt
1968 1132 2094 1217 jam
2129 1133 2411 1219 apparuit
2442 1156 2567 1198 non
2600 1155 2823 1200 omnes

569 1259 677 1344 qui
751 1251 1074 1345 Salpensae
1139 1266 1198 1324 et
1263 1259 1536 1324 Malacae
1586 1259 1863 1344 degerint
1908 1259 2126 1325 iisdem
2168 1260 2407 1346 juribus
2456 1284 2597 1327 usos
2648 1285 2782 1328 esse
2800 1288 2822 1341 ;

567 1386 923 1452 differebant
955 1387 1117 1452 enim
1149 1386 1256 1451 illa
1288 1387 1492 1471 prouti
1528 1387 1663 1472 quis
1695 1392 1849 1451 esset
1874 1387 2027 1451 civis
2058 1386 2370 1453 Romanus
2394 1388 2489 1453 vel
2510 1388 2781 1454 Latinus
2799 1417 2819 1469 3

566 1513 885 1579 discrimen
935 1512 1089 1578 illud
1137 1519 1339 1578 tamen
1388 1513 1742 1598 praesertim
1791 1513 1870 1576 ad
1904 1513 2004 1598 jus
2053 1514 2357 1598 privatum
2406 1515 2744 1600 spectabat.

749 1641 969 1726 Neque
1029 1648 1231 1704 tamen
1283 1662 1491 1705 omnes
1556 1640 1663 1725 qui
1728 1640 1995 1706 Malacae
2042 1641 2484 1728 Salpensaeque
2532 1643 2825 1710 habitant

566 1767 782 1832 iisdem
824 1767 1067 1853 juribus
1114 1766 1402 1830 fruuntur
1449 1765 1750 1852 publicis;
1803 1767 1890 1832 ita
1937 1774 2009 1832 ut
2059 1768 2307 1833 illorum
2338 1770 2574 1836 ratione
2606 1771 2824 1836 habita

566 1895 784 1980 populi
855 1902 1055 1981 partes
1129 1893 1284 1960 duae
1352 1893 1851 1982 distinguantur;
1918 1895 2026 1960 alii
2073 1897 2239 1961 enim
2287 1906 2430 1962 sunt
2478 1899 2823 1985 municipes

565 2022 674 2086 alii
721 2029 864 2086 sunt
911 2022 1182 2103 incolae3
1233 2029 1561 2108 antequam
1610 2024 1801 2110 igitur
1850 2048 2087 2110 expono
2134 2025 2359 2110 quibus
2407 2048 2553 2091 usus
2602 2027 2683 2092 sit
2724 2028 2823 2114 ju-

563 2148 732 2214 ribus
801 2151 1067 2236 populus
1141 2153 1206 2217 in
1277 2152 1667 2237 municipiiS,
1742 2152 1953 2238 paucis
2018 2151 2094 2218 de
2141 2151 2417 2238 partibus
2466 2175 2541 2218 ex
2589 2154 2819 2240 quibus

563 2279 879 2344 constabat
925 2280 1248 2346 dicendum
1298 2280 1558 2346 videtur.

753 2407 1010 2494 Saepius
1044 2409 1384 2494 municipes
1432 2409 1607 2474 iuxta
1653 2408 1881 2472 incolas
1930 2413 2339 2472 memorantur
2368 2407 2447 2493 ¹),
2499 2409 2664 2474 unde
2691 2409 2823 2496 jam

566 2540 819 2620 apparet
873 2536 1128 2602 eandem
1201 2535 1619 2601 condicionem
1666 2535 1790 2600 illis
1840 2534 2039 2600 verbis
2086 2557 2208 2600 non
2260 2534 2566 2620 designari
2582 2561 2603 2614 3
2654 2544 2821 2601 utra-

567 2684 687 2749 que
759 2669 964 2728 tamen
1038 2686 1183 2729 voce
1254 2664 1569 2729 vinculum
1644 2663 1949 2750 quoddam
2020 2662 2280 2729 indicari
2344 2651 2657 2729 intereos
2706 2665 2819 2750 qui

565 2790 674 2855 illo
745 2792 993 2857 nomine
1063 2798 1359 2858 vocentur
1430 2799 1490 2856 et
1564 2798 1788 2857 certam
1860 2792 2075 2856 urbem
2140 2790 2327 2856 dubio
2376 2798 2555 2857 caret.
2652 2792 2821 2857 Mul-

565 2922 699 2983 tum
757 2919 884 3004 jam
947 2919 1042 2984 illi
1103 2919 1263 2986 inter
1309 2942 1373 2985 se
1420 2919 1709 2984 differunt
1756 2920 1807 2983 si
1853 2918 2132 2985 attendas
2190 2918 2269 2983 ad
2316 2919 2529 2985 modos
2576 2940 2819 3005 prorsus

571 3045 840 3113 diversos
911 3048 1134 3133 quibus
1179 3050 1340 3113 fiunt
1402 3046 1742 3133 municipes
1806 3052 1913 3111 aut
1945 3040 2231 3125 ·incolae;
2282 3069 2353 3111 eo
2402 3052 2632 3133 spectat
2682 3068 2819 3113 con-

571 3175 814 3241 stitutio
858 3194 1266 3241 mooLE'rIANI
1314 3180 1375 3239 et
1421 3194 1768 3241 Maxumum
1791 3174 1841 3259 2)
1866 3225 1883 3254 ,
1945 3174 2051 3239 ubi
2099 3173 2361 3259 legitur:
2412 3173 2640 3252 „Cives
2688 3174 2818 3258 qui-

569 3301 710 3365 dem
784 3303 992 3390 origo,
1065 3303 1492 3383 manumissio,
1546 3302 1793 3367 allectio
1841 3302 1937 3367 vel
1986 3302 2233 3389 adoptio
2260 3301 2307 3388 3)
2325 3326 2346 3380 3
2398 3301 2628 3366 incolas
2676 3324 2817 3367 vero

569 3429 952 3495 domicilium
998 3428 1182 3495 facit''
1209 3430 1278 3517 4).
1331 3430 1712 3516 Municipes»,
1762 3430 1811 3493 si
1857 3429 2072 3494 latiore
2106 3451 2288 3493 sensu
2319 3427 2470 3492 haec
2522 3450 2635 3493 vox
2666 3428 2819 3493 acci-

566 3555 797 3642 piatur,
841 3564 990 3625 sunt
1039 3558 1200 3623 cives
1249 3558 1671 3642 cuiuscunque
1720 3556 1988 3621 civitatis
2020 3562 2190 3622 extra
2220 3556 2479 3621 Romam
2504 3554 2553 3639 ⁵)
2566 3579 2589 3632 3
2638 3576 2819 3621 sensu

712 3744 750 3807 Ἰ)
824 3742 932 3792 vid.
967 3742 1089 3806 Cap.
1123 3741 1186 3792 69
1222 3742 1318 3805 leg.
1351 3742 1472 3791 Mal.
1520 3746 1569 3791 ct
1603 3742 1697 3805 leg.
1732 3743 1765 3789 4
1803 3740 1921 3790 cod.
1958 3740 2017 3789 de
2049 3740 2233 3789 incolis.
2271 3738 2489 3801 (10·.39);
2526 3737 2619 3803 leg.
2658 3738 2684 3786 l
2716 3740 2765 3787 et
2788 3736 2815 3787 7

569 3826 694 3877 eod.
723 3828 785 3876 de
815 3829 989 3877 munio.
1041 3832 1086 3875 et
1137 3828 1307 3892 oriqin.
1359 3826 1576 3893 (1038).
1612 3826 1673 3877 cs.
1712 3841 1901 3890 quoque
1948 3825 2289 3888 Insaiptiones
2334 3836 2521 3873 081312111
2558 3820 2633 3873 ni).
2670 3820 2818 3875 3705.

575 3909 728 3963 3707.

713 3995 753 4059 2)
821 3994 882 4043 In
915 3995 1020 4059 lege
1055 3993 1104 4045 7.
1139 3994 1257 4045 cod.
1291 3996 1350 4045 de
1385 3995 1552 4045 incolis
1586 3998 1632 4043 et
1666 3994 1745 4043 ubi
1777 3994 1881 4059 quis
1916 3993 2128 4054 (10.39).

714 4080 754 4143 3)
823 4080 891 4129 Ut
923 4080 1112 4143 singula
1144 4081 1228 4130 illa
1264 4096 1548 4145 persequar,
1583 4096 1671 4145 pro
1709 4078 1920 4129 instituti
1956 4076 2143 4126 ratione
2179 4092 2275 4124 non
2303 4075 2588 4139 requiritur3
2625 4074 2728 4123 fuse
2762 4076 2818 4123 da

573 4166 668 4213 hoc
719 4170 999 4231 argumento
1053 4170 1201 4227 agunt
1253 4182 1298 4215 v.
1353 4178 1576 4213 savlertr
1622 4165 1672 4212 in
1721 4164 1904 4227 Opere:
1960 4164 2135 4227 System
2171 4162 2254 4211 des
2294 4161 2515 4223 heutiqen
2548 4158 2823 4209 Remi-*cheu

574 4250 766 4309 Rechts,
807 4249 969 4299 Berlin
1007 4250 1158 4315 1349,
1201 4250 1322 4299 'I'om
1360 4252 1389 4299 8
1427 4265 1474 4313 p.
1499 4250 1702 4297 46—49
1740 4253 1787 4296 et
1821 4260 2013 4297 Dunols
2049 4246 2099 4294 in
2142 4247 2227 4308 Op.
2266 4250 2302 4296 l.
2338 4260 2388 4309 p.
2426 4244 2517 4301 66,
2554 4241 2636 4296 67.

713 4332 755 4397 4)
825 4334 960 4383 Idem
999 4332 1197 4384 docetur
1240 4336 1289 4383 in
1327 4335 1429 4398 lege
1478 4334 1505 4383 1
1544 4349 1617 4398 pr.
1665 4335 1713 4381 et
1749 4333 1772 4392 ς
1820 4332 1868 4379 1.
1904 4333 1963 4381 D.
2001 4331 2070 4379 ad
2101 4347 2227 4379 mun.
2269 4334 2315 4378 et
2348 4330 2407 4379 de
2442 4328 2533 4379 inc.
2570 4327 2729 4391 (50.1)
2766 4329 2820 4378 cf.

570 4434 761 4484 qnoque
795 4418 888 4483 leg.
925 4418 988 4470 27
1025 4422 1048 4480 §
1086 4420 1116 4467 2
1153 4423 1201 4468 ct
1238 4420 1321 4469 35.
1358 4420 1418 4468 D.
1456 4418 1663 4467 eiusdem
1699 4417 1788 4467 Tit.

715 4504 753 4564 ⁵)
826 4504 932 4554 vid.
970 4504 1062 4568 leg.
1100 4506 1157 4565 2,
1196 4502 1225 4555 7
1263 4519 1338 4568 pr.
1376 4503 1422 4553 9.
1461 4504 1524 4552 D.
1560 4502 1686 4567 quod
1717 4500 1941 4565 cujusque
1976 4501 2177 4551 univers.
2215 4500 2352 4563 (3.4).
