3027 5263
1575 562 1705 623 104

695 756 910 819 Utitur
975 775 1044 817 ea
1108 752 1490 837 magistratus
1540 772 1681 815 cum
1736 751 2059 813 auctoritas
2109 751 2240 815 cius
2316 752 2639 817 invocatur
2688 755 2774 819 ad

514 882 689 947 litem
738 879 1178 956 dirimendam3
1229 884 1370 941 sunt
1418 882 1623 941 autem
1674 899 1887 940 causae
1938 876 2013 940 de
2062 876 2286 961 quibus
2335 879 2497 943 inter
2520 879 2775 965 litigan-

515 1016 607 1073 tes
649 1008 920 1093 judicare
969 1007 1026 1071 ei
1072 1029 1196 1070 non
1244 1005 1406 1069 licet.
1504 1005 1669 1070 Nam
1720 1026 1873 1087 quae
1924 1015 2069 1067 sunt
2102 1026 2281 1089 supra
2332 1014 2555 1069 certam
2606 1030 2776 1071 sum-

511 1156 672 1199 mam
720 1136 796 1199 dc
835 1135 911 1197 iis
959 1133 1124 1198 IIvir
1173 1153 1534 1217 cognoscere
1582 1154 1706 1193 non
1757 1138 1989 1215 potest;
2044 1154 2249 1195 earum
2283 1134 2553 1217 cognitio
2623 1156 2770 1218 pro·

520 1261 785 1326 consulis
833 1268 947 1325 est.
1001 1259 1185 1340 Quod
1237 1259 1483 1334 saltem,
1536 1258 1772 1321 etiamsi
1824 1280 1941 1320 non
1997 1257 2213 1321 diserte
2264 1266 2563 1323 statutum
2600 1262 2781 1325 sitin

509 1388 678 1473 lege,
731 1410 801 1452 ea
837 1387 1017 1451 verba
1053 1408 1206 1469 quae
1239 1392 1565 1469 supersunt
1615 1385 1678 1446 in
1730 1383 1945 1467 Capite
1984 1388 2099 1460 69,
2138 1385 2301 1468 quod
2331 1386 2397 1448 in
2429 1388 2549 1449 fine
2585 1388 2777 1450 muti·

510 1514 642 1579 lum
691 1522 817 1594 est,
886 1514 1151 1577 indicare
1201 1513 1516 1587 videntum
1584 1511 1669 1574 ibi
1716 1511 1879 1574 enim
1930 1511 2189 1594 legitur:
2288 1511 2522 1591 „Quod
2572 1514 2781 1577 muni-

512 1642 719 1726 cipum
766 1640 1079 1723 municipii
1130 1639 1328 1702 Flavii
1379 1628 2031 1702 Malacitani'nomine
2091 1644 2327 1722 petetur
2376 1640 2453 1703 ab
2504 1663 2575 1704 eo
2592 1688 2608 1717 ,
2666 1642 2778 1725 qui

515 1770 643 1853 ejus
693 1766 1019 1848 municipii
1071 1766 1386 1848 municeps
1435 1765 1709 1828 incolave
1759 1765 1911 1841 erit,
1965 1765 2202 1847 quodve
2250 1788 2385 1829 cum
2436 1788 2509 1829 eo
2558 1774 2779 1851 agetur

517 1894 685 1979 quod
734 1893 927 1977 pluris
978 1893 1284 1955 sestertios
1335 1891 1500 1954 mille
1550 1893 1629 1955 sit
1677 1915 1874 1976 neque
1930 1895 2083 1955 tanti
2134 1894 2211 1955 sit
2263 1892 2463 1957 ut....'’
2522 1895 2620 1957 Ex
2670 1918 2776 1979 po—

525 2021 764 2086 stremis
792 2021 989 2084 verbis
1021 2020 1195 2103 sequi
1226 2020 1498 2097 videtur,
1554 2020 1684 2083 fieri
1714 2043 1889 2104 posse
1915 2028 1984 2083 ut
2020 2020 2319 2105 objectum
2358 2022 2484 2085 litis
2512 2023 2593 2085 sit
2620 2025 2778 2086 tanti

519 2154 590 2212 ut
626 2148 700 2211 de
750 2170 818 2211 eo
871 2148 1074 2211 IIviro
1117 2147 1219 2230 jus
1269 2146 1464 2209 dicere
1512 2168 1634 2208 non
1687 2146 1886 2209 liceat.
1944 2147 2175 2225 Quanti
2210 2155 2407 2210 autem
2443 2148 2666 2225 fuerit,
2698 2170 2775 2213 ex

520 2273 654 2359 lege
701 2273 969 2347 Rubria,
1039 2280 1108 2335 ut
1157 2274 1433 2350 videtur,
1501 2272 1779 2357 supplere
1837 2274 2195 2357 permissum
2248 2280 2355 2336 est.
2456 2274 2591 2337 Hac
2640 2275 2775 2359 lege

524 2401 845 2465 tenebatur
881 2399 1079 2463 Gallia
1116 2400 1462 2485 Cisalpina,
1499 2408 1852 2483 postquam,
1888 2399 2131 2463 sublata
2165 2402 2509 2484 provinciae
2543 2402 2773 2480 forma,

524 2527 599 2590 ad
633 2528 872 2590 Italiam
922 2528 1224 2611 pertinere
1259 2527 1470 2611 coepit.
1522 2526 1594 2590 In
1632 2526 1736 2588 illa
1780 2526 1821 2608 ¹)
1865 2526 2276 2609 jurisdictioni
2314 2530 2777 2612 magistratuum

527 2654 994 2739 municipalium
1049 2655 1198 2716 certi
1249 2655 1396 2716 fines
1443 2661 1830 2730 statuuntur3
1898 2662 2137 2717 tantum
2204 2655 2279 2718 de
2327 2656 2401 2718 iis
2451 2658 2630 2719 rebus
2672 2658 2779 2740 jus

525 2782 720 2845 dicere
786 2787 1083 2865 possunt,
1152 2802 1304 2863 quae
1357 2803 1474 2843 non
1548 2781 1737 2864 pluris
1789 2783 2136 2844 sestertium
2188 2782 2537 2865 quindecim
2588 2784 2781 2847 millia

527 2916 707 2986 sunt,
761 2908 874 2971 hae
927 2908 1086 2970 enim
1139 2907 1214 2971 ad
1267 2908 1642 2991 proconsulis
1678 2909 1997 2991 imperium
2036 2910 2400 2992 pertinent.'
2460 2910 2558 2973 Ad
2594 2911 2778 2975 talem

527 3036 864 3100 IIvirorum
933 3036 1455 3120 jurisdictionem,
1507 3036 1687 3099 certis
1738 3036 1960 3098 finibus
2010 3037 2564 3121 circumscriptam,
2622 3060 2779 3103 com-

525 3163 727 3246 plures
776 3185 1018 3246 quoque
1071 3171 1334 3225 veterum
1386 3136 1907 3246 locsrespiciunt.
2005 3162 2091 3225 Ut
2147 3185 2335 3225 unum
2388 3173 2599 3227 testem
2635 3165 2775 3229 affe-

531 3312 696 3364 ram,
756 3310 993 3352 PAULUS
1065 3290 1149 3352 ita
1222 3289 1434 3352 scribit
1466 3289 1560 3372 2):
1635 3289 1802 3365 „Res
1869 3289 2177 3373 judicatae
2228 3290 2509 3354 videntur
2578 3315 2614 3355 a
2661 3315 2784 3356 ma-

530 3415 888 3499 gistratibus
938 3415 1406 3499 municipalibus
1457 3437 1636 3498 usqne
1680 3417 1767 3477 ad
1811 3440 2085 3478 summam
2132 3419 2371 3499 quajus
2412 3419 2607 3481 dicere
2641 3441 2781 3500 pos-

527 3540 726 3606 sunt.”
831 3543 984 3606 Cum
1036 3543 1113 3604 iis
1163 3550 1362 3605 autem
1415 3541 1592 3626 plane
1644 3543 2013 3605 conveniunt
2064 3542 2240 3606 verba
2290 3544 2515 3626 quibus
2564 3563 2782 3609 mouu-

530 3689 643 3760 an
697 3669 898 3754 Caput
950 3671 1034 3731 69
1087 3669 1434 3752 supplevit,
1486 3669 1685 3753 pergit
1719 3670 1878 3732 enim
1916 3681 2057 3753 post
2092 3668 2269 3733 verba
2303 3669 2581 3734 laudata:
2635 3695 2781 3748 „ne-

531 3817 648 3879 que
698 3797 854 3859 tanti
925 3796 1006 3858 sit
1056 3795 1200 3872 ut,''
1252 3794 1508 3879 legendo
1560 3795 1680 3872 „de
1732 3817 1802 3858 ea
1849 3818 1913 3860 re
1962 3796 2387 3880 proconsulem
2429 3799 2531 3881 jus
2580 3798 2777 3862 dicere

524 3921 882 4006 judiciaque
925 3922 1065 3985 dare
1114 3945 1187 3986 ex
1237 3921 1349 3986 hac
1398 3921 1530 4008 lege
1580 3929 1887 4008 oporteat,
1955 3924 2030 3988 de
2081 3946 2150 3988 ea
2198 3947 2261 3990 re
2308 3925 2469 3989 IIvir
2518 3925 2781 4011 pracfec-

680 4204 715 4264 ¹)
787 4206 843 4254 In
903 4205 1063 4270 Capit.
1117 4207 1200 4256 21.
1251 4209 1299 4257 et
1339 4207 1404 4255 22
1439 4207 1558 4270 legis
1595 4223 1714 4272 quae
1765 4208 2010 4257 invenitur
2045 4210 2171 4272 apud
2220 4223 2345 4258 zum.
2381 4209 2428 4258 in
2468 4211 2668 4260 Delectat
2702 4211 2788 4260 In·

530 4291 693 4352 script.
733 4306 812 4339 no.
851 4291 1001 4339 1688.
1072 4291 1145 4339 Ad
1185 4292 1306 4340 hanc
1343 4292 1494 4354 legem
1531 4294 1592 4341 cs.
1620 4307 1839 4350 ruenni,
1890 4296 2067 4342 Cursus
2090 4298 2172 4342 der
2194 4297 2317 4344 Inst.
2346 4296 2384 4343 1.
2412 4312 2461 4359 p.
2499 4296 2790 4347 393-895.

668 4374 706 4438 2)
787 4375 902 4423 vido
939 4381 1180 4425 auctorem
1221 4377 1268 4424 in
1302 4379 1427 4427 Sent.
1466 4377 1577 4426 Rea.
1620 4379 1683 4430 V.
1725 4381 1771 4427 5.
1809 4395 1849 4428 a.
1874 4379 2011 4427 Idem
2034 4395 2221 4443 quoquc
2246 4396 2303 4428 ex
2334 4381 2538 4442 Digestis
2563 4380 2793 4444 colligere

539 4459 680 4520 lieet3
719 4460 825 4510 vide
861 4459 953 4523 leg.
993 4459 1056 4508 19
1094 4462 1116 4520 §
1155 4462 1180 4509 1
1220 4461 1280 4512 D.
1317 4463 1378 4510 de
1398 4461 1734 4523 jurisdictione
1768 4463 1905 4526 (2.1).
1942 4467 1992 4512 et
2032 4464 2127 4528 leg.
2153 4465 2216 4513 28
2248 4466 2309 4514 D.
2340 4464 2410 4513 ad
2447 4478 2573 4514 mun.
2618 4465 2797 4529 (50.1).
