3027 5263
1228 590 1245 600 ‘
1325 585 1451 646 193

263 779 533 843 actiones
580 777 800 864 igitur,
840 801 994 863 quae
1029 777 1273 841 institui
1322 785 1580 864 possunt
1627 799 1698 842 ex
1749 778 1987 864 legibus
2024 779 2362 844 venditioni
2406 780 2506 844 ad·

254 907 463 992 jectis,
532 906 604 969 iis
654 904 917 969 IIvirum
987 905 1312 970 concedere
1361 913 1617 990 oportet.
1716 904 1861 970 Non
1912 906 2092 970 modo
2143 907 2507 992 praediatori

259 1040 465 1099 tamen
498 1033 641 1098 licet
682 1053 857 1118 agere
884 1032 957 1096 de
982 1031 1061 1097 iis
1086 1031 1265 1096 rebus
1301 1055 1519 1118 easque
1553 1032 1856 1096 vindicare
1891 1033 2048 1112 sibi,
2087 1057 2288 1098 verum
2324 1035 2505 1099 etiam

259 1162 393 1226 eius
444 1161 678 1246 praedi,
731 1161 927 1238 socie,
980 1159 1181 1223 heredi
1234 1160 1427 1245 iisque
1476 1161 1758 1225 omnibus
1789 1161 1866 1225 ad
1917 1183 2068 1246 quos
2102 1184 2288 1226 cares
2323 1164 2506 1248 perti-

256 1289 449 1354 nebit.
550 1288 776 1353 Heredi
828 1287 980 1351 illud
1031 1287 1163 1373 lege
1200 1286 1564 1352 Malacitana
1596 1289 1949 1374 permissum
1985 1289 2166 1353 fuisse
2199 1291 2506 1355 neminem

258 1416 530 1482 turbavit
544 1440 561 1493 ;
612 1414 916 1501 quomodo
970 1422 1169 1478 tamen
1220 1415 1348 1478 fieri
1396 1417 1662 1500 potuerit
1713 1424 1780 1480 ut
1813 1416 1972 1481 idem
2010 1417 2216 1501 praedi
2251 1423 2311 1480 et
2343 1419 2504 1482 socio

256 1545 389 1610 eius
423 1543 867 1620 concederetur,
903 1549 1025 1606 tam
1060 1541 1237 1606 facile
1264 1541 1524 1628 intelligi
1559 1544 1790 1628 nequit.
1844 1544 2168 1628 Perperam
2195 1512 2506 1610 Moniasnn

258 1671 463 1757 Caput
516 1673 597 1734 65
650 1670 800 1757 legis
846 1671 1023 1747 Mal„
1078 1669 1152 1734 de
1202 1693 1323 1756 quo
1373 1671 1543 1748 dico,
1598 1670 1962 1755 explicavit3
1999 1679 2175 1757 putat
2201 1674 2363 1737 enim
2391 1674 2506 1738 hoc

252 1800 392 1864 loco
424 1799 628 1884 praedi
662 1805 1047 1884 prospectum
1080 1820 1209 1862 esse
1243 1799 1349 1883 qui
1383 1797 1611 1884 populo
1645 1799 2038 1878 satisfecerit,
2076 1801 2251 1886 eique
2284 1823 2503 1888 regres-

256 1949 393 1990 sum
460 1928 587 1991 dari
653 1933 859 1990 contra
925 1925 1253 1990 debitorem
1322 1927 1718 2012 principalem
1736 1955 1755 2006 3
1809 1949 1946 1992 eum
1999 1927 2250 1992 omnino
2300 1951 2509 1994 omnes

254 2054 523 2118 actiones
573 2075 809 2117 movere
858 2052 1127 2139 potuisse
1160 2075 1310 2138 quas
1360 2052 1596 2118 debitor
1622 2052 1724 2116 ille
1769 2053 2118 2139 principalis
2152 2055 2397 2120 haberet
2437 2057 2501 2142 ¹).

257 2181 534 2246 Dubium
572 2204 693 2245 non
722 2189 813 2244 est
839 2184 983 2266 quin
1021 2181 1226 2266 praedi
1254 2189 1460 2246 contra
1488 2181 1818 2246 debitorem
1846 2181 2242 2267 principalem
2271 2185 2504 2268 regredi

257 2333 609 2374 concessum
682 2309 865 2374 fuerit
906 2310 997 2392 ²),
1056 2308 1251 2394 qualis
1301 2333 1437 2374 vero
1488 2310 1649 2375 actio
1701 2312 1754 2375 ei
1803 2333 2084 2374 concessa
2133 2312 2244 2391 sit,
2298 2312 2503 2398 explo-

256 2445 460 2501 ratum
509 2459 630 2500 non
681 2443 770 2501 est
804 2437 871 2522 ³).
970 2437 1228 2500 Fallitur
1286 2445 1485 2501 tamen
1539 2457 1842 2502 Mommsen
1893 2446 2115 2522 putans
2165 2438 2240 2503 de
2289 2438 2400 2502 hac
2443 2462 2506 2503 re

256 2573 557 2630 statutum
618 2587 744 2629 csse
800 2565 866 2628 in
926 2565 1137 2652 Capite
1198 2539 1469 2651 {351egis
1522 2540 1956 2646 Malacstanae,
2010 2587 2152 2630 nam.
2201 2589 2508 2653 regressus

260 2698 497 2784 praedis
546 2719 621 2760 ne
672 2696 922 2759 minima
970 2696 1217 2779 quidem
1276 2697 1361 2760 ibi
1411 2703 1499 2761 est
1552 2698 1798 2761 mentio,

448 2824 823 2889 Accedamus
896 2824 1018 2908 jam
1095 2824 1170 2887 ad
1268 2825 1680 2909 quaestionem
1755 2823 1919 2889 illam
1947 2874 1962 2901 ‚
2022 2824 2327 2909 quomodo
2375 2827 2505 2890 fieri

258 2954 527 3040 potuerit
590 2963 659 3017 ut
717 2952 937 3017 habeat
993 2974 1162 3039 praes
1220 2952 1317 3037 jus
1376 2952 1633 3016 actionis
1699 2952 2106 3017 instituendae
2171 2954 2336 3038 quod
2385 2956 2501 3041 ipsi

258 3080 630 3167 praediatori
704 3087 940 3143 tantum
994 3078 1329 3165 competit?
1423 3080 1626 3145 Facile
1675 3080 1738 3145 id
1787 3080 2182 3166 intelligimus
2239 3086 2503 3147 statuen-

252 3217 351 3273 tes
399 3206 801 3293 praediatores
852 3206 1113 3292 speciem
1162 3207 1341 3271 fuisse
1392 3206 2128 3293 publicanorum'eosque
2185 3210 2500 3275 societates

252 3336 472 3401 iniisse
508 3337 553 3419 ⁴)
578 3360 597 3413 3
663 3358 949 3420 perquam
1017 3334 1210 3399 facilis
1268 3343 1467 3399 autem
1537 3359 1628 3401 res
1677 3344 1737 3401 et
1786 3336 1966 3422 plana
2016 3344 2106 3401 est
2153 3339 2201 3401 si
2252 3339 2500 3423 praedes

400 3651 433 3713 ¹)
510 3651 621 3699 Vide
656 3655 780 3699 auct.
816 3650 865 3698 in
904 3650 1082 3715 Opere:
1121 3651 1415 3699 Stadtreolzte
1446 3666 1493 3715 p.
1521 3648 1618 3700 478
1661 3654 1708 3699 et
1732 3650 1856 3709 479,
1897 3668 2035 3715 quem
2059 3656 2248 3701 secutus
2276 3657 2348 3701 est
2373 3666 2498 3703 atu<

250 3739 303 3787 in
350 3738 433 3799 Op.
470 3738 503 3785 l.
544 3753 585 3799 p.
626 3736 741 3783 366.

394 3821 433 3883 2)
504 3822 649 3869 Recte
703 3821 921 3868 observat
974 3833 1145 3869 mvn-:n
1208 3821 1256 3868 in
1298 3820 1385 3882 Op.
1418 3822 1452 3868 l.
1490 3836 1536 3885 p.
1595 3821 1689 3869 129
1727 3824 1829 3871 not.
1865 3821 1982 3870 409.
2054 3821 2379 3884 cognitoribus
2415 3822 2502 3887 qui

245 3907 425 3958 falsam
478 3906 855 3955 aestimationem
910 3906 1106 3969 professi
1162 3905 1359 3969 ideoque
1411 3906 1592 3954 excussi
1628 3910 1787 3955 essent
1822 3905 2004 3954 nullum
2045 3906 2205 3955 datum
2244 3907 2386 3957 fuisse
2422 3924 2497 3957 re-

246 4007 486 4059 gressum.

396 4076 434 4133 ³)
508 4076 651 4124 Putat
687 4088 861 4123 mvmn
898 4076 1061 4139 praedi
1096 4080 1330 4126 actionem
1371 4076 1564 4141 depensi
1603 4078 1759 4125 datam
1797 4076 1963 4135 fuisse3
2003 4078 2110 4127 vide
2141 4078 2223 4141 Op.
2249 4079 2280 4125 l.
2308 4095 2354 4143 p.
2387 4080 2499 4130 129.

248 4164 363 4213 Non
405 4158 620 4225 equidem
658 4176 803 4223 nego,
842 4176 939 4208 rom
966 4162 1033 4209 ita
1060 4178 1108 4209 se
1135 4162 1309 4209 habere
1336 4163 1576 4226 potuisse3
1613 4163 1858 4226 probabile
1895 4169 2051 4212 tumen
2090 4168 2183 4221 est,
2222 4180 2329 4213 cum
2357 4166 2502 4215 vecti·

246 4248 378 4313 galia
409 4253 440 4295 α’
475 4247 741 4310 publicanis
779 4246 1147 4305 redimerentur,
1185 4248 1381 4312 praedes
1417 4249 1496 4311 qui
1535 4254 1690 4297 essent
1725 4250 1838 4297 socii
1887 4248 2118 4312 mancipis
2166 4254 2334 4298 contra
2387 4267 2494 4301 eum

246 4351 365 4385 usos
401 4334 547 4380 fuisse
583 4332 771 4380 actione
806 4346 893 4396 pro
930 4333 1086 4390 socio;
1128 4334 1385 4398 eademque
1421 4335 1727 4399 compracdes
1753 4338 1807 4383 ut
1841 4334 2066 4383 damnum
2104 4334 2228 4383 inter
2263 4351 2312 4384 se
2337 4338 2496 4401 aequi·

246 4434 421 4487 parare
459 4422 671 4480 possent.

392 4501 432 4567 ⁴)
506 4502 573 4551 De
610 4501 915 4551 societatibus
950 4503 1315 4569 publicanorum
1353 4520 1472 4569 quae
1513 4508 1627 4555 sunt
1663 4506 1778 4555 satis
1815 4510 1985 4565 notae,
2013 4506 2161 4556 multu
2191 4522 2282 4553 non
2323 4506 2502 4567 dicam3

2134 4605 2210 4667 13
