3027 5263
1312 590 1441 652 165

243 778 572 862 praedibus
620 780 775 846 datis
823 782 1064 847 accedat
1114 783 1494 869 praediorum
1542 781 1935 870 subsignatio.
1999 783 2155 849 Cum
2207 783 2368 849 enim
2420 785 2484 851 in

248 904 466 991 Capite
533 910 614 973 60
681 910 827 995 legis
884 917 1185 975 statuatur
1248 911 1322 975 de
1387 910 1670 975 cautione
1737 910 1809 975 ab
1860 934 1931 976 eo
1997 913 2325 998 exigenda,
2378 913 2488 998 qui

245 1032 578 1117 IIlviratum
645 1038 736 1101 vel
802 1044 1188 1123 quaesturam
1237 1044 1440 1124 petat,
1493 1038 1817 1103 arbitratui
1870 1040 2261 1125 magistratus
2310 1041 2491 1105 relin-

249 1162 492 1246 quitur,
569 1170 770 1228 utrum
842 1166 1168 1251 praedibus
1245 1166 1502 1251 acceptis
1567 1166 1813 1251 praedia
1862 1189 2105 1252 quoque
2154 1168 2497 1254 subsignari

252 1290 400 1355 velit
471 1314 677 1357 necne.
777 1294 1022 1359 Etenim
1071 1296 1158 1358 ita
1205 1295 1335 1359 loco
1386 1294 1633 1358 laudato
1684 1295 1941 1382 legitur:
2029 1296 2142 1374 „Si
2192 1296 2267 1361 de
2317 1320 2385 1361 ea
2432 1318 2497 1361 re

249 1418 328 1484 iis
377 1420 700 1507 praedibus
751 1423 949 1487 minus
999 1434 1242 1488 cautum
1293 1445 1416 1488 esse
1461 1422 1800 1501 videbitur,
1855 1424 2097 1510 praedia
2144 1396 2499 1511 subsignato

250 1548 549 1614 arbitratu
598 1550 936 1615 eiusdem.”

439 1677 538 1742 Ne
606 1685 805 1743 tamen
872 1679 946 1743 de
1015 1679 1088 1742 iis
1140 1680 1446 1764 disputare
1521 1678 1829 1743 videamur
1879 1702 2031 1764 quae
2080 1680 2350 1744 nondum
2402 1704 2496 1745 ex·

247 1806 485 1891 plorata
558 1808 715 1884 sint,
776 1814 1098 1892 antequam
1176 1807 1238 1869 in
1305 1808 1486 1870 finem
1547 1813 1606 1870 et
1669 1812 1949 1871 naturam
2019 1806 2496 1893 subsignationis

248 1932 663 2017 inquiramuS‚
718 1936 913 2019 primo
964 1933 1432 1998 examinandum
1481 1940 1605 2011 est,
1659 1955 1813 2018 quae
1860 1935 1941 1998 sit
1984 1933 2361 2020 subsignatio
2395 1934 2498 2001 illa

251 2068 316 2124 et
366 2062 669 2146 quomodo
721 2071 1058 2148 peragatur.

1221 2187 1238 2214 '
1286 2210 1381 2252 me
1423 2188 1661 2272 judice,
1714 2188 1859 2251 satis
1916 2188 2171 2253 formam
2226 2189 2493 2267 indicat,

443 2188 712 2253 Verbum
763 2188 1160 2273 „subsignare
1177 2186 1217 2265 ,³

250 2340 375 2401 qua
429 2318 532 2381 fiat
606 2324 678 2381 ut
749 2318 998 2381 arctiore
1072 2316 1317 2380 vinculo
1380 2316 1627 2402 praedia
1693 2323 2012 2381 teneantur
2077 2340 2259 2402 quam
2342 2324 2499 2383 cete·

249 2467 353 2508 rae
401 2466 494 2508 res
544 2443 864 2529 obligatae.
953 2442 1376 2507 Nihilominus
1417 2463 1832 2520 ΖΙΜΜΕΒΜΑΝ,
1888 2445 1992 2529 qui
2026 2444 2333 2530 propriam
2380 2445 2495 2509 hac

249 2574 319 2638 in
369 2595 432 2637 re
481 2572 839 2637 sententiam
892 2570 1186 2658 protulit,
1239 2571 1553 2636 contendit
1600 2570 2124 2658 subsignationem
2178 2595 2315 2639 cum
2359 2572 2496 2638 sub-

249 2702 580 2787 scriptione
629 2724 873 2786 prorsus
921 2723 1046 2764 non
1095 2701 1408 2766 cohaerere
1461 2700 1567 2764 sed
1619 2699 1723 2763 illo
1777 2700 2070 2765 vocabulo
2122 2701 2495 2787 significari:

250 2831 387 2908 „ita
448 2831 686 2915 signare
736 2836 805 2893 ut
851 2828 1046 2892 subsit
1087 2828 1199 2912 ¹).”

1295 2828 1503 2909 Quum
1566 2835 1766 2892 tamen
1818 2849 2069 2893 PAULUM
2100 2829 2148 2913 2)
2200 2828 2499 2893 dicentem

250 2957 470 3022 audio:
539 2955 1018 3041 „Subsignatum
1068 2955 1290 3018 dicitur
1339 2955 1506 3040 quod
1558 2955 1632 3019 ab
1684 2955 1885 3040 aliquo
1934 2957 2318 3036 subscriptum
2368 2963 2495 3034 est;

246 3109 392 3151 nam
465 3093 690 3150 veteres
763 3084 1241 3170 subsignationis
1308 3083 1490 3147 verbo
1559 3106 1670 3168 pro
1735 3083 2138 3169 adscriptione
2204 3085 2293 3148 uti
2346 3084 2499 3147 sole·

247 3212 473 3291 bant‚’'
524 3220 584 3277 et
630 3233 900 3277 Fns'rtm:
957 3211 1330 3296 „Resignare
1379 3212 1620 3296 antiqui
1647 3235 1753 3297 pro
1788 3211 2153 3291 rescribere,
2191 3218 2263 3276 ut
2295 3212 2496 3275 adbuc

249 3342 589 3422 subsiqnare
632 3341 894 3404 dicimus
945 3363 1054 3425 pro
1104 3339 1512 3404 subscribere”
1549 3340 1634 3422 3),
1689 3345 1997 3405 auctorem
2023 3339 2204 3404 nimis
2230 3340 2502 3404 aberrare

249 3477 405 3557 puto
456 3493 489 3533 a
539 3493 673 3534 vera
721 3469 972 3533 notione
1046 3468 1524 3554 subsignationis
1574 3467 1816 3532 formae.
1917 3468 2051 3532 Imo
2100 3475 2248 3553 puto
2297 3489 2501 3532 revera

253 3598 701 3684 subscriptione
749 3621 900 3684 opus
961 3598 1146 3662 fuisse
1171 3649 1188 3678 ‚
1267 3597 1653 3682 magistratus
1702 3596 1753 3661 si
1826 3596 2067 3682 praedia
2118 3596 2316 3660 danda
2366 3618 2501 3661 cen-

253 3727 445 3791 suerit
478 3726 548 3811 4).

400 3991 437 4052 ¹)
505 3990 561 4039 In
605 3989 689 4052 Op.
726 3991 760 4038 l.
799 4005 845 4054 p.
886 3989 967 4040 22.

395 4075 434 4135 ²)
505 4076 564 4123 In
599 4076 686 4139 leg.
729 4075 792 4123 39
830 4090 903 4138 pr.
944 4075 1000 4123 D.
1038 4074 1097 4122 de
1142 4073 1272 4122 Verb.
1309 4073 1437 4137 δέρη.
1477 4073 1684 4134 (50.16).

394 4159 435 4222 3)
506 4159 625 4210 vide
662 4161 797 4224 Opus
823 4161 1010 4224 saepius
1039 4159 1164 4208 laud.
1191 4159 1248 4206 de
1297 4159 1430 4208 Verb.
1463 4159 1594 4222 Siyn.
1631 4157 1677 4205 in
1701 4172 1815 4205 voce
1836 4155 2174 4222 „resiqnare,''
2196 4155 2269 4206 ed.
2298 4158 2503 4204 1151,LG

253 4263 299 4311 p.
343 4246 436 4294 281
479 4245 526 4292 in
563 4245 672 4293 fine.

392 4328 434 4390 4)
505 4329 622 4377 Vide
642 4341 982 4387 naissomun,
1007 4330 1066 4377 de
1099 4329 1226 4378 Verb.
1253 4329 1382 4391 δέρη.
1409 4327 1495 4376 sub
1519 4329 1657 4379 von:
1683 4325 2053 4390 „Subsignara”
2090 4326 2349 4389 Perperam
2372 4337 2493 4374 narn

248 4415 298 4464 in
343 4415 433 4478 Op.
467 4416 500 4464 I.
529 4431 574 4478 p.
611 4416 706 4464 365
737 4414 983 4463 contendit
1017 4413 1214 4479 praedes
1240 4414 1385 4462 etiam
1410 4429 1492 4462 ore
1530 4411 1717 4478 pofiteri
1755 4411 1971 4461 debuisse
1997 4409 2213 4474 praedia,
2245 4409 2355 4474 quia
2374 4426 2493 4460 non·

249 4515 496 4566 uunquam
534 4500 790 4560 „subdita”
829 4501 954 4563 (vide
990 4500 1108 4566 Cap.
1147 4500 1210 4549 63
1247 4499 1362 4565 ἱερέα
1403 4499 1553 4563 Mal.)
1589 4498 1829 4549 dicuntur.
