<?xml version="1.0" encoding="UTF-8"?>
<!DOCTYPE html PUBLIC "-//W3C//DTD XHTML 1.0 Transitional//EN"
    "http://www.w3.org/TR/xhtml1/DTD/xhtml1-transitional.dtd">
<html xmlns="http://www.w3.org/1999/xhtml" xml:lang="en" lang="en">
 <head>
  <title>
</title>
<meta http-equiv="Content-Type" content="text/html;charset=utf-8" />
  <meta name='ocr-system' content='tesseract 3.04.00' />
  <meta name='ocr-capabilities' content='ocr_page ocr_carea ocr_par ocr_line ocrx_word'/>
</head>
<body>
  <div class='ocr_page' id='page_1' title='image "./disquisitiodeae00swingoog_0013.png"; bbox 0 0 3027 5263; ppageno 0'>
   <div class='ocr_carea' id='block_1_1' title="bbox 537 1411 1871 1537">
    <p class='ocr_par' dir='ltr' id='par_1_1' title="bbox 537 1411 1871 1537">
     <span class='ocr_line' id='line_1_1' title="bbox 537 1411 1871 1537; baseline -0.004 -2"><span class='ocrx_word' id='word_1_1' title='bbox 537 1411 1871 1537; x_wconf 84' lang='lat' dir='ltr'><strong>CONSPEGTUS.</strong></span> 
     </span>
    </p>
   </div>
   <div class='ocr_carea' id='block_1_2' title="bbox 897 1831 1524 1932">
    <p class='ocr_par' dir='ltr' id='par_1_2' title="bbox 897 1831 1524 1932">
     <span class='ocr_line' id='line_1_2' title="bbox 897 1831 1524 1932; baseline 0 -2"><span class='ocrx_word' id='word_1_2' title='bbox 897 1831 1524 1932; x_wconf 72' lang='lat' dir='ltr'><strong>INTRODUG&#39;BIO.</strong></span> 
     </span>
    </p>
   </div>
   <div class='ocr_carea' id='block_1_3' title="bbox 72 2092 2331 2443">
    <p class='ocr_par' dir='ltr' id='par_1_3' title="bbox 72 2092 2331 2443">
     <span class='ocr_line' id='line_1_3' title="bbox 269 2092 2328 2183; baseline -0.002 -19"><span class='ocrx_word' id='word_1_3' title='bbox 269 2099 364 2165; x_wconf 84' lang='lat' dir='ltr'><strong>De</strong></span> <span class='ocrx_word' id='word_1_4' title='bbox 431 2097 688 2164; x_wconf 81' lang='lat' dir='ltr'><strong>historia</strong></span> <span class='ocrx_word' id='word_1_5' title='bbox 752 2097 1096 2164; x_wconf 79' lang='lat' dir='ltr'><strong>tabularum</strong></span> <span class='ocrx_word' id='word_1_6' title='bbox 1158 2101 1555 2183; x_wconf 79' lang='lat' dir='ltr'><strong>repertarum.</strong></span> <span class='ocrx_word' id='word_1_7' title='bbox 1654 2093 1883 2181; x_wconf 85' lang='lat' dir='ltr'><strong>Opinio</strong></span> <span class='ocrx_word' id='word_1_8' title='bbox 1930 2092 2328 2181; x_wconf 77' lang='lat' dir='ltr'><strong>interpretum</strong></span> 
     </span>
     <span class='ocr_line' id='line_1_4' title="bbox 76 2221 2331 2312; baseline -0.003 -20"><span class='ocrx_word' id='word_1_9' title='bbox 76 2228 158 2292; x_wconf 82' lang='lat' dir='ltr'><strong>de</strong></span> <span class='ocrx_word' id='word_1_10' title='bbox 209 2228 528 2294; x_wconf 73' lang='lat' dir='ltr'><strong>authentia</strong></span> <span class='ocrx_word' id='word_1_11' title='bbox 577 2227 942 2294; x_wconf 79' lang='lat' dir='ltr'><strong>tabularum.</strong></span> <span class='ocrx_word' id='word_1_12' title='bbox 1037 2227 1131 2293; x_wconf 83' lang='lat' dir='ltr'><strong>De</strong></span> <span class='ocrx_word' id='word_1_13' title='bbox 1178 2225 1333 2312; x_wconf 84' lang='lat' dir='ltr'><strong>legis</strong></span> <span class='ocrx_word' id='word_1_14' title='bbox 1381 2231 1505 2289; x_wconf 80' lang='lat' dir='ltr'><strong>tam</strong></span> <span class='ocrx_word' id='word_1_15' title='bbox 1544 2222 1945 2289; x_wconf 80' lang='lat' dir='ltr'><strong>Malacitanae</strong></span> <span class='ocrx_word' id='word_1_16' title='bbox 1993 2245 2175 2308; x_wconf 80' lang='lat' dir='ltr'><strong>quam</strong></span> <span class='ocrx_word' id='word_1_17' title='bbox 2208 2221 2331 2286; x_wconf 78' lang='lat' dir='ltr'>Sal·</span> 
     </span>
     <span class='ocr_line' id='line_1_5' title="bbox 72 2352 2233 2443; baseline -0.003 -22"><span class='ocrx_word' id='word_1_18' title='bbox 72 2378 382 2443; x_wconf 78' lang='lat' dir='ltr'><strong>pensanae</strong></span> <span class='ocrx_word' id='word_1_19' title='bbox 430 2361 673 2421; x_wconf 81' lang='lat' dir='ltr'><strong>auctore</strong></span> <span class='ocrx_word' id='word_1_20' title='bbox 721 2362 784 2421; x_wconf 82' lang='lat' dir='ltr'><strong>et</strong></span> <span class='ocrx_word' id='word_1_21' title='bbox 830 2360 1046 2421; x_wconf 77' lang='lat' dir='ltr'><strong>aetate.</strong></span> <span class='ocrx_word' id='word_1_22' title='bbox 1146 2355 1242 2419; x_wconf 83' lang='lat' dir='ltr'><strong>De</strong></span> <span class='ocrx_word' id='word_1_23' title='bbox 1289 2353 1496 2440; x_wconf 85' lang='lat' dir='ltr'><strong>legum</strong></span> <span class='ocrx_word' id='word_1_24' title='bbox 1546 2357 1785 2417; x_wconf 77' lang='lat' dir='ltr'><strong>natura.</strong></span> <span class='ocrx_word' id='word_1_25' title='bbox 1866 2375 1928 2438; x_wconf 85' lang='lat' dir='ltr'><strong>p.</strong></span> <span class='ocrx_word' id='word_1_26' title='bbox 1986 2352 2233 2416; x_wconf 78' lang='lat'>1-12,</span> 
     </span>
    </p>
   </div>
   <div class='ocr_carea' id='block_1_4' title="bbox 1024 2593 1380 2690">
    <p class='ocr_par' dir='ltr' id='par_1_4' title="bbox 1024 2593 1380 2690">
     <span class='ocr_line' id='line_1_6' title="bbox 1024 2593 1380 2690; baseline 0.003 -1"><span class='ocrx_word' id='word_1_27' title='bbox 1024 2593 1269 2690; x_wconf 80' lang='lat' dir='ltr'><strong>PARS</strong></span> <span class='ocrx_word' id='word_1_28' title='bbox 1321 2595 1380 2690; x_wconf 93' lang='grc' dir='ltr'><strong>Ι.</strong></span> 
     </span>
    </p>
   </div>
   <div class='ocr_carea' id='block_1_5' title="bbox 534 2800 1869 2859">
    <p class='ocr_par' dir='ltr' id='par_1_5' title="bbox 534 2800 1869 2859">
     <span class='ocr_line' id='line_1_7' title="bbox 534 2800 1869 2859; baseline -0.001 -1"><span class='ocrx_word' id='word_1_29' title='bbox 534 2801 636 2858; x_wconf 85' lang='lat' dir='ltr'><strong>DE</strong></span> <span class='ocrx_word' id='word_1_30' title='bbox 679 2800 1117 2859; x_wconf 80' lang='lat' dir='ltr'>MUNICIPIIS</span> <span class='ocrx_word' id='word_1_31' title='bbox 1159 2800 1247 2858; x_wconf 88' lang='lat' dir='ltr'><strong>IN</strong></span> <span class='ocrx_word' id='word_1_32' title='bbox 1289 2800 1481 2858; x_wconf 82' lang='lat' dir='ltr'><strong>JURE</strong></span> <span class='ocrx_word' id='word_1_33' title='bbox 1524 2800 1869 2857; x_wconf 81' lang='lat' dir='ltr'>ROMANO.</span> 
     </span>
    </p>
   </div>
   <div class='ocr_carea' id='block_1_6' title="bbox 71 3045 2327 3517">
    <p class='ocr_par' dir='ltr' id='par_1_6' title="bbox 71 3045 2327 3517">
     <span class='ocr_line' id='line_1_8' title="bbox 267 3045 2327 3133; baseline -0 -20"><span class='ocrx_word' id='word_1_34' title='bbox 267 3049 363 3113; x_wconf 80' lang='lat' dir='ltr'><strong>De</strong></span> <span class='ocrx_word' id='word_1_35' title='bbox 411 3046 762 3133; x_wconf 87' lang='lat' dir='ltr'><strong>municipiis</strong></span> <span class='ocrx_word' id='word_1_36' title='bbox 809 3046 1220 3132; x_wconf 80' lang='lat' dir='ltr'><strong>antiquissimi</strong></span> <span class='ocrx_word' id='word_1_37' title='bbox 1270 3046 1541 3133; x_wconf 81' lang='lat' dir='ltr'><strong>generis,</strong></span> <span class='ocrx_word' id='word_1_38' title='bbox 1593 3045 1728 3111; x_wconf 81' lang='lat' dir='ltr'><strong>scil.</strong></span> <span class='ocrx_word' id='word_1_39' title='bbox 1780 3052 1920 3111; x_wconf 82' lang='lat' dir='ltr'><strong>ante</strong></span> <span class='ocrx_word' id='word_1_40' title='bbox 1950 3045 2179 3112; x_wconf 85' lang='lat' dir='ltr'><strong>bellum</strong></span> <span class='ocrx_word' id='word_1_41' title='bbox 2213 3046 2327 3112; x_wconf 81' lang='lat' dir='ltr'><strong>La-</strong></span> 
     </span>
     <span class='ocr_line' id='line_1_9' title="bbox 73 3174 2325 3254; baseline 0 -14"><span class='ocrx_word' id='word_1_42' title='bbox 73 3177 276 3241; x_wconf 87' lang='lat' dir='ltr'><strong>tinum</strong></span> <span class='ocrx_word' id='word_1_43' title='bbox 345 3175 708 3241; x_wconf 82' lang='lat' dir='ltr'><strong>confectum.</strong></span> <span class='ocrx_word' id='word_1_44' title='bbox 804 3176 904 3240; x_wconf 82' lang='lat' dir='ltr'><strong>-De</strong></span> <span class='ocrx_word' id='word_1_45' title='bbox 953 3174 1251 3240; x_wconf 81' lang='lat' dir='ltr'><strong>sententia</strong></span> <span class='ocrx_word' id='word_1_46' title='bbox 1315 3174 1431 3239; x_wconf 86' lang='lat' dir='ltr'><strong>viri</strong></span> <span class='ocrx_word' id='word_1_47' title='bbox 1505 3175 1580 3240; x_wconf 83' lang='lat' dir='ltr'><strong>el.</strong></span> <span class='ocrx_word' id='word_1_48' title='bbox 1654 3195 1892 3241; x_wconf 77' lang='lat' dir='ltr'>RUBINo</span> <span class='ocrx_word' id='word_1_49' title='bbox 1940 3174 2147 3254; x_wconf 80' lang='lat' dir='ltr'><strong>„cives</strong></span> <span class='ocrx_word' id='word_1_50' title='bbox 2197 3199 2325 3241; x_wconf 88' lang='lat' dir='ltr'><strong>mu-</strong></span> 
     </span>
     <span class='ocr_line' id='line_1_10' title="bbox 73 3302 2324 3388; baseline 0 -21"><span class='ocrx_word' id='word_1_51' title='bbox 73 3303 291 3388; x_wconf 84' lang='lat' dir='ltr'><strong>nicipii</strong></span> <span class='ocrx_word' id='word_1_52' title='bbox 339 3325 463 3367; x_wconf 86' lang='lat' dir='ltr'><strong>non</strong></span> <span class='ocrx_word' id='word_1_53' title='bbox 511 3302 704 3367; x_wconf 84' lang='lat' dir='ltr'><strong>fuisse</strong></span> <span class='ocrx_word' id='word_1_54' title='bbox 752 3303 911 3367; x_wconf 85' lang='lat' dir='ltr'><strong>cives</strong></span> <span class='ocrx_word' id='word_1_55' title='bbox 958 3302 1304 3368; x_wconf 83' lang='lat' dir='ltr'>Romanos&#39;&#39;</span> <span class='ocrx_word' id='word_1_56' title='bbox 1345 3325 1442 3369; x_wconf 89' lang='lat' dir='ltr'><strong>me</strong></span> <span class='ocrx_word' id='word_1_57' title='bbox 1490 3302 1691 3368; x_wconf 82' lang='lat' dir='ltr'><strong>iudice</strong></span> <span class='ocrx_word' id='word_1_58' title='bbox 1734 3302 1906 3368; x_wconf 81' lang='lat' dir='ltr'><strong>falsa.</strong></span> <span class='ocrx_word' id='word_1_59' title='bbox 2005 3304 2098 3369; x_wconf 83' lang='lat' dir='ltr'><strong>De</strong></span> <span class='ocrx_word' id='word_1_60' title='bbox 2132 3304 2324 3368; x_wconf 90' lang='lat' dir='ltr'><strong>muni·</strong></span> 
     </span>
     <span class='ocr_line' id='line_1_11' title="bbox 71 3430 2320 3517; baseline 0.002 -22"><span class='ocrx_word' id='word_1_61' title='bbox 71 3431 252 3515; x_wconf 86' lang='lat' dir='ltr'><strong>cipiis</strong></span> <span class='ocrx_word' id='word_1_62' title='bbox 301 3438 440 3517; x_wconf 85' lang='lat' dir='ltr'><strong>post</strong></span> <span class='ocrx_word' id='word_1_63' title='bbox 487 3430 712 3495; x_wconf 84' lang='lat' dir='ltr'><strong>bellum</strong></span> <span class='ocrx_word' id='word_1_64' title='bbox 762 3430 1073 3495; x_wconf 83' lang='lat' dir='ltr'><strong>Latinum.</strong></span> <span class='ocrx_word' id='word_1_65' title='bbox 1129 3432 1221 3497; x_wconf 85' lang='lat' dir='ltr'><strong>De</strong></span> <span class='ocrx_word' id='word_1_66' title='bbox 1256 3431 1607 3517; x_wconf 85' lang='lat' dir='ltr'><strong>municipiis</strong></span> <span class='ocrx_word' id='word_1_67' title='bbox 1648 3436 1789 3517; x_wconf 88' lang='lat' dir='ltr'><strong>post</strong></span> <span class='ocrx_word' id='word_1_68' title='bbox 1822 3430 2015 3516; x_wconf 85' lang='lat' dir='ltr'>legem</span> <span class='ocrx_word' id='word_1_69' title='bbox 2064 3430 2320 3499; x_wconf 82' lang='lat' dir='ltr'><strong>Juliam.</strong></span> 
     </span>
    </p>
   </div>
   <div class='ocr_carea' id='block_1_7' title="bbox 73 3557 2323 3645">
    <p class='ocr_par' dir='ltr' id='par_1_7' title="bbox 73 3557 2323 3645">
     <span class='ocr_line' id='line_1_12' title="bbox 73 3557 2323 3645; baseline 0.001 -23"><span class='ocrx_word' id='word_1_70' title='bbox 73 3558 410 3639; x_wconf 75' lang='lat' dir='ltr'><strong>Quaeritur</strong></span> <span class='ocrx_word' id='word_1_71' title='bbox 474 3566 679 3623; x_wconf 88' lang='lat' dir='ltr'><strong>utrum</strong></span> <span class='ocrx_word' id='word_1_72' title='bbox 729 3559 1062 3645; x_wconf 83' lang='lat' dir='ltr'><strong>municipia</strong></span> <span class='ocrx_word' id='word_1_73' title='bbox 1132 3557 1368 3645; x_wconf 84' lang='lat' dir='ltr'><strong>legibus</strong></span> <span class='ocrx_word' id='word_1_74' title='bbox 1415 3558 1707 3624; x_wconf 82' lang='lat' dir='ltr'><strong>Romanis</strong></span> <span class='ocrx_word' id='word_1_75' title='bbox 1753 3564 2041 3645; x_wconf 81' lang='lat' dir='ltr'><strong>regantur</strong></span> <span class='ocrx_word' id='word_1_76' title='bbox 2086 3558 2323 3624; x_wconf 73' lang='lat' dir='ltr'><strong>necue?</strong></span> 
     </span>
    </p>
   </div>
   <div class='ocr_carea' id='block_1_8' title="bbox 2 3690 488 3860">
    <p class='ocr_par' dir='ltr' id='par_1_8' title="bbox 2 3690 488 3860">
     <span class='ocr_line' id='line_1_13' title="bbox 2 3690 488 3860; baseline 0 -109"><span class='ocrx_word' id='word_1_77' title='bbox 2 3780 15 3860; x_wconf 42' lang='lat' dir='ltr'>f</span> <span class='ocrx_word' id='word_1_78' title='bbox 70 3711 136 3773; x_wconf 84' lang='lat' dir='ltr'><strong>p.</strong></span> <span class='ocrx_word' id='word_1_79' title='bbox 194 3690 488 3751; x_wconf 79' lang='lat'><strong>13-28,</strong></span> 
     </span>
    </p>
   </div>
   <div class='ocr_carea' id='block_1_9' title="bbox 1007 3945 1402 4041">
    <p class='ocr_par' dir='ltr' id='par_1_9' title="bbox 1007 3945 1402 4041">
     <span class='ocr_line' id='line_1_14' title="bbox 1007 3945 1402 4041; baseline 0.003 -1"><span class='ocrx_word' id='word_1_80' title='bbox 1007 3945 1250 4041; x_wconf 83' lang='lat' dir='ltr'><strong>PARS</strong></span> <span class='ocrx_word' id='word_1_81' title='bbox 1302 3946 1402 4041; x_wconf 92' lang='grc' dir='ltr'><strong>Π.</strong></span> 
     </span>
    </p>
   </div>
   <div class='ocr_carea' id='block_1_10' title="bbox 204 4142 2195 4204">
    <p class='ocr_par' dir='ltr' id='par_1_10' title="bbox 204 4142 2195 4204">
     <span class='ocr_line' id='line_1_15' title="bbox 204 4142 2195 4204; baseline 0.003 -5"><span class='ocrx_word' id='word_1_82' title='bbox 204 4142 306 4199; x_wconf 78' lang='lat' dir='ltr'><strong>DE</strong></span> <span class='ocrx_word' id='word_1_83' title='bbox 349 4142 536 4199; x_wconf 79' lang='lat' dir='ltr'>IUIOE</span> <span class='ocrx_word' id='word_1_84' title='bbox 579 4143 1166 4201; x_wconf 82' lang='lat' dir='ltr'>MUNICIPIORUM</span> <span class='ocrx_word' id='word_1_85' title='bbox 1206 4143 1568 4202; x_wconf 78' lang='lat' dir='ltr'>MALAGAE</span> <span class='ocrx_word' id='word_1_86' title='bbox 1608 4145 1706 4202; x_wconf 82' lang='grc' dir='ltr'><strong>ΕΤ</strong></span> <span class='ocrx_word' id='word_1_87' title='bbox 1750 4144 2195 4204; x_wconf 73' lang='lat' dir='ltr'><strong>SALPENSAE.</strong></span> 
     </span>
    </p>
   </div>
   <div class='ocr_carea' id='block_1_11' title="bbox 79 4389 2319 4600">
    <p class='ocr_par' dir='ltr' id='par_1_11' title="bbox 79 4389 2319 4600">
     <span class='ocr_line' id='line_1_16' title="bbox 267 4389 2319 4480; baseline 0.002 -25"><span class='ocrx_word' id='word_1_88' title='bbox 267 4390 362 4455; x_wconf 83' lang='lat' dir='ltr'><strong>De</strong></span> <span class='ocrx_word' id='word_1_89' title='bbox 425 4390 556 4455; x_wconf 83' lang='lat' dir='ltr'><strong>iure</strong></span> <span class='ocrx_word' id='word_1_90' title='bbox 623 4389 870 4456; x_wconf 86' lang='lat' dir='ltr'><strong>urbium</strong></span> <span class='ocrx_word' id='word_1_91' title='bbox 936 4412 1132 4477; x_wconf 83' lang='lat' dir='ltr'><strong>usque</strong></span> <span class='ocrx_word' id='word_1_92' title='bbox 1181 4391 1258 4456; x_wconf 84' lang='lat' dir='ltr'><strong>ad</strong></span> <span class='ocrx_word' id='word_1_93' title='bbox 1287 4396 1294 4403; x_wconf 82' lang='lat'>&#39;</span> <span class='ocrx_word' id='word_1_94' title='bbox 1327 4397 1568 4479; x_wconf 80' lang='lat' dir='ltr'><strong>tempus</strong></span> <span class='ocrx_word' id='word_1_95' title='bbox 1631 4412 1990 4461; x_wconf 68' lang='lat' dir='ltr'><strong>nummum.</strong></span> <span class='ocrx_word' id='word_1_96' title='bbox 2086 4393 2319 4480; x_wconf 87' lang='lat' dir='ltr'><strong>Impro-</strong></span> 
     </span>
     <span class='ocr_line' id='line_1_17' title="bbox 79 4518 2317 4600; baseline 0.003 -16"><span class='ocrx_word' id='word_1_97' title='bbox 79 4518 281 4585; x_wconf 81' lang='lat' dir='ltr'><strong>banda</strong></span> <span class='ocrx_word' id='word_1_98' title='bbox 328 4518 568 4585; x_wconf 84' lang='lat' dir='ltr'><strong>videtur</strong></span> <span class='ocrx_word' id='word_1_99' title='bbox 614 4520 914 4585; x_wconf 80' lang='lat' dir='ltr'><strong>sententia</strong></span> <span class='ocrx_word' id='word_1_100' title='bbox 962 4520 1076 4586; x_wconf 86' lang='lat' dir='ltr'><strong>viri</strong></span> <span class='ocrx_word' id='word_1_101' title='bbox 1123 4520 1200 4586; x_wconf 82' lang='lat' dir='ltr'><strong>cl.</strong></span> <span class='ocrx_word' id='word_1_102' title='bbox 1251 4540 1488 4600; x_wconf 73' lang='lat' dir='ltr'><strong>zmwr,</strong></span> <span class='ocrx_word' id='word_1_103' title='bbox 1547 4520 1729 4587; x_wconf 79' lang='lat' dir='ltr'><strong>urbes</strong></span> <span class='ocrx_word' id='word_1_104' title='bbox 1776 4522 1907 4589; x_wconf 80' lang='lat' dir='ltr'><strong>iure</strong></span> <span class='ocrx_word' id='word_1_105' title='bbox 1935 4520 2159 4587; x_wconf 80' lang='lat' dir='ltr'><strong>Latino</strong></span> <span class='ocrx_word' id='word_1_106' title='bbox 2192 4544 2317 4591; x_wconf 87' lang='lat' dir='ltr'><strong>non</strong></span> 
     </span>
    </p>
   </div>
  </div>
 </body>
</html>
