3027 5263
1329 607 1412 668 37

247 801 320 858 ut
366 795 492 859 sint
539 795 696 860 cives
744 796 1004 860 Romani
1053 802 1156 859 aut
1205 800 1545 882 peregrini,
1600 802 1705 866 sed
1744 803 1843 886 jus
1892 803 2257 872 Latinorum
2291 830 2325 872 a
2359 809 2495 895 jure

245 923 700 1009 peregrinorum
749 923 871 988 fere
918 923 1148 1009 ubique
1197 925 1595 1011 distinguitur
1639 930 1699 1014 ¹).

435 1051 510 1115 In
581 1050 695 1115 hac
769 1073 832 1114 re
901 1051 1270 1116 conveniunt
1318 1054 1624 1140 peregrini
1672 1077 1811 1120 cum
1858 1056 2098 1123 Latinis
2148 1062 2315 1146 quod
2365 1085 2488 1126 non

247 1175 475 1240 habent
524 1176 931 1256 connubium,
983 1178 1100 1241 nisi
1152 1200 1504 1243 concessum
1556 1181 1638 1244 sit
1660 1182 1736 1266 ²).

437 1303 514 1368 In
555 1327 625 1368 eo
667 1315 870 1368 autem
896 1328 1258 1390 magnopere
1285 1305 1575 1372 differunt
1602 1331 1637 1372 a
1662 1309 1898 1375 Latinis
1928 1313 2095 1396 quod
2121 1314 2185 1377 hi
2213 1336 2497 1380 commer-

249 1432 346 1495 cio
391 1431 711 1509 fruuntur,
763 1432 928 1516 quod
979 1433 1402 1517 complectitur
1449 1436 1797 1500 testamenti
1830 1437 2158 1503 factionem
2190 1448 2315 1505 tam
2349 1444 2494 1508 acti-

253 1581 390 1622 vam
421 1580 605 1642 quam
655 1559 954 1643 passivam
1003 1559 1333 1624 secundum
1377 1561 1533 1645 juris
1583 1563 1777 1626 civilis
1825 1563 2087 1630 Romani
2138 1580 2493 1656 praecepta3

245 1685 343 1750 illi
407 1707 549 1749 vero
610 1706 735 1748 non
799 1691 1057 1749 utuntur
1105 1689 1462 1752 commercio
1511 1689 1631 1753 nisi
1681 1691 1969 1775 peculiari
2020 1696 2403 1762 concessione
2425 1698 2493 1781 ³).

245 1812 435 1876 Hisce
484 1812 770 1897 expositis
821 1811 1086 1876 dubitari
1135 1836 1261 1877 non
1294 1837 1464 1900 posse
1501 1815 1775 1895 videtur,
1812 1819 1959 1902 quin
1993 1819 2293 1886 Latinitas
2327 1823 2493 1888 aliud

254 1940 402 2025 quid
449 1939 636 2002 fuerit
682 1946 822 2003 ante
871 1939 1066 2024 legem
1115 1940 1384 2019 Juliam,
1435 1942 1604 2006 aliud
1654 1943 1802 2028 quid
1851 1955 1991 2030 post
2025 1949 2497 2027 eam,Latinos·

251 2090 370 2153 que
418 2067 563 2131 inde
611 2066 686 2130 ab
738 2065 848 2130 illo
897 2075 1167 2152 tempore
1217 2091 1579 2154 magnopere
1630 2070 1867 2135 differre
1917 2095 1951 2136 a
1998 2076 2353 2161 peregrinis

438 2193 887 2279 Disputationis
956 2194 1093 2257 finis
1165 2200 1296 2259 erat
1368 2204 1440 2259 ut
1498 2197 1877 2262 ostenderem
1922 2219 2129 2266 zUMP‘r
2181 2203 2245 2265 in
2294 2226 2492 2269 errore

253 2322 475 2388 versari
510 2321 978 2387 contendentem
1012 2321 1272 2385 foederis
1303 2324 1704 2388 mutationem
1740 2331 1980 2390 tantum
2013 2327 2231 2393 factam
2266 2329 2491 2407 fuisse,

249 2453 303 2516 si
354 2451 686 2529 Malacam,
721 2449 1028 2513 civitatem
1061 2449 1459 2528 foederatam,
1505 2452 1680 2516 cuius
1707 2453 1867 2518 cives
1891 2463 2209 2520 uterentur
2238 2460 2497 2544 peregri-

247 2603 470 2647 norum
521 2581 689 2667 jure,
742 2579 1138 2644 Latinitatem
1188 2603 1223 2644 a
1271 2599 1651 2646 VESPASIANO
1702 2583 2006 2669 accepisse
2057 2591 2385 2671 appareret.

246 2738 307 2784 ut
344 2750 441 2782 non
477 2731 722 2781 sustulerit
758 2730 930 2780 horum
967 2747 1085 2779 nexa
1121 2734 1261 2795 atque
1297 2731 1614 2791 hereditates3
1649 2733 1786 2797 jubet
1812 2734 1939 2783 enim
1965 2735 2128 2783 eodem
2149 2736 2259 2799 jtrre
2283 2753 2497 2802 essequo

244 2819 428 2869 fuerint
461 2818 785 2867 Ariminenses
819 2832 938 2879 quos
973 2816 1077 2880 quis
1113 2816 1304 2878 ignorat
1337 2817 1433 2865 XII
1469 2817 1767 2867 coloniarum
1804 2819 1952 2867 fuisse
1988 2824 2035 2867 et
2062 2836 2089 2867 a
2112 2820 2295 2869 civibus
2314 2821 2493 2871 Roma·

248 2906 330 2955 nis
364 2904 650 2953 hereditates
687 2916 854 2965 capere
889 2900 1078 2965 posse.”
1119 2901 1380 2949 Contendit
1415 2915 1635 2950 summ!
1668 2915 1959 2953 clounonnu
1986 2904 2076 2952 hoc
2103 2905 2207 2953 loco
2232 2908 2494 2971 respexisse

248 2991 314 3040 ad
350 2989 598 3038 historiam
633 3002 774 3051 quam
809 2999 980 3036 lews
1019 2986 1164 3035 refert
1201 2986 1307 3034 Lib.
1347 2984 1429 3043 27,
1467 2986 1585 3049 Cap.
1626 2987 1716 3045 10,
1755 2986 1834 3035 ubi
1870 2994 2038 3037 narrat
2066 3005 2120 3036 ex
2148 2990 2272 3038 XXX
2298 2991 2497 3041 coloniis

243 3074 435 3127 Latinis
471 3089 590 3137 quae
624 3072 852 3121 Romanis
887 3070 1283 3136 obtemperabant
1319 3070 1415 3119 XII
1453 3074 1672 3135 tempore
1701 3071 1934 3120 bellorum
1959 3073 2255 3123 Punicorum
2279 3076 2499 3125 militiam

248 3161 567 3216 detrectasse,
622 3158 828 3222 reliquas
885 3156 1024 3205 XIIX
1060 3172 1164 3204 eam
1200 3156 1437 3219 professas
1473 3172 1602 3214 esse3
1641 3170 1809 3207 uvius
1845 3157 1979 3206 addit
2016 3158 2124 3205 illus
2160 3159 2377 3223 punitas,
2415 3161 2499 3211 has

247 3248 420 3295 contra
454 3244 670 3292 laudatas
705 3258 821 3292 esse.
892 3242 980 3289 Jus
1015 3240 1266 3289 duodecim
1304 3240 1633 3299 coloniarum,
1670 3242 1727 3291 de
1764 3257 1858 3306 quo
1897 3255 2079 3291 crosno
2123 3243 2358 3308 loquitur,
2397 3249 2497 3295 tum

245 3330 472 3380 fidelibus
507 3328 603 3377 illis
638 3326 837 3391 praemii
873 3326 980 3374 loco
1017 3326 1182 3374 datum
1216 3341 1319 3374 esse
1355 3325 1574 3389 conjecit.
1628 3327 1828 3390 Cogitur
1867 3330 2027 3377 tamen
2064 3344 2151 3392 pro
2188 3345 2384 3379 numero
2402 3332 2498 3381 XII

247 3432 393 3481 quem
445 3414 604 3461 omnia
638 3411 960 3475 manuscripta
1007 3411 1252 3471 referunt,
1309 3411 1434 3477 apud
1471 3424 1762 3460 cremnorum
1799 3411 1953 3475 legere
1992 3412 2130 3461 XIIX
2165 3419 2501 3479 praetereaque

247 3500 488 3563 conjicere
535 3498 778 3546 Romanos
824 3496 920 3545 illis
956 3495 1157 3545 coloniis
1193 3496 1534 3545 commercium
1577 3496 1777 3545 dedisse.
1816 3498 1935 3545 Cum
1980 3502 2137 3546 autem
2174 3514 2405 3563 nusquam
2443 3500 2501 3549 de

248 3584 465 3653 praemio
503 3583 818 3647 qualicunque
856 3582 968 3630 dato
1005 3597 1063 3629 ex
1099 3581 1302 3629 historia
1339 3581 1468 3629 docti
1505 3582 1653 3630 simus
1690 3583 1771 3642 (cf.
1808 3595 2004 3630 manvia
2038 3582 2088 3629 in
2118 3585 2187 3645 Op
2222 3586 2255 3634 l.
2289 3599 2336 3648 p.
2375 3585 2497 3644 283;

247 3668 481 3721 refutatio
527 3668 618 3717 viri
665 3666 727 3716 cl.
766 3678 988 3715 saviam
1033 3668 1180 3716 Verm.
1216 3667 1458 3730 Schreflen
1491 3666 1574 3715 111
1610 3682 1660 3730 p.
1696 3667 1789 3715 301
1830 3667 1929 3714 302
1967 3671 2069 3715 not.
2109 3667 2224 3714 mihi
2261 3683 2356 3715 non
2393 3684 2500 3731 per-

248 3757 422 3818 suasit)
475 3759 524 3803 et
570 3753 774 3802 mutatio
829 3751 1014 3800 numeri
1068 3752 1240 3799 idoneo
1294 3752 1604 3800 fundamento
1661 3751 1749 3799 niti
1785 3766 1880 3799 non
1919 3751 2164 3809 videatur,
2202 3751 2501 3815 conjecturae

247 3857 394 3907 quam
429 3852 650 3889 sulem!
686 3838 936 3902 proposuit
972 3836 1110 3900 plane
1135 3836 1435 3900 acquiescere
1463 3852 1557 3883 uon
1588 3851 1796 3901 possum.
1835 3835 2135 3883 concentum
2171 3851 2311 3899 quem
2349 3838 2502 3887 voluit

246 3930 377 3977 inter
428 3938 558 3974 mvn
593 3928 642 3971 et
693 3934 964 3971 clonaoms
1010 3920 1336 3969 testimonium
1373 3936 1469 3968 non
1520 3921 1683 3969 adesse
1720 3923 1864 3985 puto,
1903 3920 1982 3968 sed
2022 3920 2276 3969 verisimile
2313 3920 2501 3973 videtur

246 4011 374 4061 illud
422 4010 505 4072 jus
557 4007 795 4055 recentius
849 4006 976 4055 Latii
1023 4005 1255 4069 originem
1292 4004 1462 4053 debere
1498 4004 1609 4054 huic
1645 4004 1873 4069 peculiari
1909 4004 2003 4053 XII
2043 4005 2341 4055 coloniarum
2384 4008 2503 4070 juri.

251 4095 463 4163 Quando
510 4093 589 4157 jus
639 4092 766 4143 Latii
820 4090 980 4140 vocari
1034 4095 1258 4154 coeptum
1311 4091 1376 4138 sit
1419 4090 1497 4153 jus
1532 4089 1652 4138 illud
1689 4089 1987 4139 coloniarum
2023 4092 2264 4153 eleganter
2298 4093 2505 4153 coniecit

250 4192 501 4231 'ransmuo
553 4179 603 4225 in
650 4178 778 4225 Dies.
815 4179 836 4225 l
868 4192 916 4239 p.
955 4177 1038 4225 53.
1074 4176 1124 4223 cf
1154 4175 1297 4223 etiam
1333 4174 1391 4224 de
1427 4174 1521 4223 hoc
1556 4178 1841 4237 argumento
1880 4175 1933 4224 C.
1971 4176 2031 4225 A.
2070 4188 2170 4223 von
2213 4177 2501 4225 VANonaow

247 4268 302 4316 in
338 4264 520 4330 Opere:
560 4263 655 4311 Die
689 4260 853 4309 Latini
883 4261 1088 4309 Juniani
1121 4260 1312 4325 Leipzig
1351 4260 1480 4308 1833
1527 4276 1575 4323 p.
1614 4258 1694 4309 97.
1733 4261 1815 4309 98.

399 4352 435 4411 ¹)
505 4348 831 4413 Opponuntur
864 4346 1023 4395 Latini
1055 4345 1317 4411 peregrinis
1353 4361 1380 4393 a
1417 4357 1541 4393 osto
1576 4344 1618 4393 I.
1654 4342 1784 4403 567.
1820 4344 1880 4392 cf.
1918 4358 2186 4394 nerianum
2224 4345 2318 4395 Tit.
2358 4343 2387 4395 7
2410 4348 2431 4407 ς
2455 4346 2503 4395 4.

397 4437 438 4497 2)
508 4433 619 4483 vid.
652 4444 951 4492 unprsnmr,
991 4432 1072 4480 'rit
1121 4432 1168 4481 5.
1203 4433 1225 4491 §
1261 4434 1294 4479 4
1329 4431 1433 4489 οῖς
1471 4431 1500 4478 9
1539 4432 1587 4479 et
1622 4442 1801 4479 onum.
1843 4430 1868 4477 1
1910 4433 1932 4491 ς
1971 4430 2049 4480 56.

394 4520 434 4582 ³)
505 4518 615 4568 vid.
651 4530 944 4577 urrunnu,
985 4517 1067 4567 'rit
1104 4518 1186 4569 11.
1221 4518 1242 4577 §
1281 4516 1343 4565 19
1384 4518 1406 4576 §
1441 4517 1474 4563 4
1509 4515 1590 4565 Tit
1627 4515 1690 4565 20
1728 4517 1749 4575 §
1788 4516 1833 4563 8.
