3027 5263
1628 525 1707 585 70

555 719 714 785 jone
777 716 1162 804 quorundam
1234 719 1627 801 patronorum
1690 715 1799 800 qui
1870 714 2137 780 rationes
2208 715 2520 801 exigerent
2582 714 2659 781 ab
2708 715 2796 782 iis
2986 670 2988 820 i

555 845 659 930 qui
707 845 1020 932 negotium
1052 842 1369 930 publicum
1403 843 1690 928 egissent.
1790 839 1992 907 Verba
2023 848 2169 907 sunt
2200 842 2268 906 in
2303 843 2474 929 lege:
2525 844 2800 924 „referto

549 994 699 1058 quos
761 972 996 1058 placeat
1057 970 1364 1057 publicam
1420 991 1663 1036 causam
1711 967 1947 1055 agere.”
2043 968 2217 1049 Duc,
2295 971 2545 1056 opinor,
2621 980 2799 1037 actus

545 1099 926 1184 magistratui
975 1098 1338 1163 mandantur
1387 1098 1478 1162 his
1513 1095 1742 1174 verbis,
1794 1117 1880 1160 sc.
1916 1094 2131 1160 relatio
2156 1100 2218 1160 et
2252 1097 2502 1183 rogatio.
2555 1098 2797 1180 Quam·

734 1226 828 1290 uti
891 1225 1098 1291 monui
1118 1275 1138 1306 ‚
1209 1225 1329 1291 hoc
1377 1225 1509 1289 loco
1576 1223 1651 1288 de
1715 1221 2009 1288 electione
2066 1222 2328 1308 quadam
2376 1247 2414 1288 a
2460 1224 2804 1290 decurioni·

713 1352 982 1417 facienda
1029 1374 1224 1417 sermo
1263 1351 1374 1431 sit,
1447 1350 1696 1416 eaedem
1742 1348 2036 1416 formulae
2084 1349 2655 1436 deprehenduntur,
2720 1375 2798 1418 ac

713 1480 923 1545 laestio
971 1486 1130 1544 esset
1177 1479 1252 1543 de
1300 1478 1614 1565 rogatione
1662 1477 1851 1542 aliave
1898 1499 1983 1542 re.

726 1605 1047 1672 Referebat
1094 1607 1284 1683 enim,
1350 1605 1404 1669 si
1455 1625 1611 1689 quae
1674 1602 1903 1668 Romae
1955 1625 2069 1667 usu
2132 1602 2455 1669 veniebant
2526 1604 2805 1670 conferre

713 1738 761 1811 t,
782 1731 1002 1800 ,consul
1027 1731 1104 1795 ad
1137 1730 1428 1794 Senatum
1461 1728 1537 1792 de
1570 1728 1773 1813 aliqua
1804 1750 1868 1793 re
1883 1774 1903 1805 ‚
1941 1750 2064 1812 qua
2088 1728 2304 1808 relata,
2336 1731 2668 1795 sententias
2699 1752 2805 1796 ro-

757 1855 1015 1922 debebat
1085 1855 1419 1920 secundum
1491 1861 1724 1918 certum
1774 1854 2050 1918 ordinem
2090 1852 2140 1941 ¹)
2203 1854 2368 1919 hisce
2416 1856 2803 1922 solemnibus
2991 1871 2992 1949 ἦ

713 2006 769 2048 s:
820 1982 1038 2064 „Quid
1086 1981 1215 2046 fieri
1263 1980 1461 2066 placet
1476 1979 1541 2043 ?'’
1574 1980 1623 2064 ²)
1718 1979 1960 2065 Singuli
2008 1983 2143 2044 tum
2174 1982 2538 2046 sententiam
2589 1983 2803 2051 dicere

713 2116 856 2189 ant,
910 2109 1073 2195 quod
1122 2109 1326 2194 ipsum
1375 2104 1779 2186 „decernere”
1828 2105 2249 2192 appellabatur
2263 2133 2281 2186 3
2316 2109 2633 2174 sententiis
2658 2134 2805 2197 per-

713 2239 768 2303 is
815 2245 1137 2325 postquam
1187 2242 1428 2301 senator
1474 2235 1737 2321 quilibet
1771 2234 1819 2320 3)
1874 2235 1949 2299 de
1980 2258 2045 2300 re
2092 2235 2283 2300 relata
2329 2235 2596 2315 dixerat,
2650 2260 2804 2304 oon-
2992 2135 2995 2343 Ι

713 2365 1041 2431 sententias
1098 2362 1537 2449 pronuntiabat
1583 2366 1902 2448 patresque
1975 2361 2400 2441 discedebant3
2454 2363 2529 2428 de
2579 2364 2800 2450 singu-

713 2569 720 2612 ι
792 2556 898 2605 Vid.
936 2568 1187 2613 annuunt,
1226 2555 1358 2604 Noct.
1394 2556 1498 2604 Ait.
1532 2554 1636 2605 Lib.
1675 2557 1732 2612 4,
1770 2555 1887 2619 Cap.
1927 2555 2013 2613 10;
2051 2554 2154 2604 Lib.
2194 2555 2285 2615 14,
2322 2554 2438 2620 Gap.
2477 2554 2527 2609 7.

713 2654 720 2697 μ
793 2640 898 2690 Vid.
935 2654 1040 2691 mv.
1075 2642 1133 2697 8,
1171 2640 1262 2697 20;
1298 2652 1438 2688 suar..
1475 2640 1524 2687 in
1566 2639 1705 2689 Catil.
1740 2639 1859 2704 Cap.
1897 2639 1979 2690 50.

713 2733 728 2789 )
799 2724 906 2774 Hoc
941 2724 1050 2772 loco
1088 2723 1437 2773 observandum
1486 2723 1743 2772 discrimen
1777 2724 1902 2771 inter
1938 2738 2018 2771 eos
2055 2723 2135 2786 qui
2170 2727 2307 2773 erant
2351 2727 2591 2773 senatores
2624 2728 2674 2775 et
2706 2728 2795 2791 qui

716 2808 938 2858 tebantur
984 2809 1251 2857 sententiae
1305 2808 1535 2857 dicendae
1582 2808 1711 2871 quod
1746 2824 1841 2857 non
1888 2812 2079 2857 tantum
2114 2808 2324 2867 Romae,
2381 2810 2497 2867 (vid.
2534 2822 2791 2871 οηιιωι,

724 2895 824 2945 Att.
861 2894 908 2943 3.
950 2894 1043 2952 183
1091 2893 1175 2942 ubi
1210 2894 1328 2942 haec
1371 2893 1580 2942 formula
1614 2893 1814 2957 legitur,
1852 2908 2005 2957 neque
2038 2897 2199 2942 tamen
2236 2897 2365 2942 recte
2402 2894 2489 2958 [cf.
2525 2908 2706 2943 monuo
2731 2896 2798 2945 ad

725 3016 739 3039 ,
783 2978 867 3043 19]
906 2978 1198 3044 explicatum
1235 2977 1345 3027 add.
1368 2991 1576 3034 rasi-us,
1613 2979 1673 3026 de
1705 2978 1836 3027 Verb.
1858 2977 1986 3042 Siqn.
2011 2992 2061 3041 p.
2086 2977 2202 3028 3:39.
2229 2978 2301 3027 cd.
2327 2992 2533 3026 nunnae
2547 2982 2599 3028 et
2620 2993 2796 3030 mvms

713 3068 792 3127 up.
827 3064 940 3122 32),
965 3078 1131 3111 verum
1165 3063 1309 3112 etiam
1343 3062 1393 3111 in
1431 3062 1704 3125 municipiis
1739 3061 1853 3123 (vid.
1893 3060 2044 3123 legem
2078 3060 2177 3111 Jul.
2213 3077 2342 3110 mun.
2369 3062 2486 3127 Cap.
2522 3062 2587 3111 VI
2610 3063 2662 3111 in
2696 3064 2791 3113 fine

713 3166 744 3211 ,³-
787 3147 922 3209 VIII)
961 3148 1164 3196 obtinet.
1237 3145 1491 3195 Habebunt
1515 3145 1643 3194 enim
1666 3144 1970 3209 magistratus
1994 3144 2073 3209 qui
2110 3145 2341 3194 honorem
2376 3150 2646 3210 gesserant,
2674 3163 2793 3198 nou-

713 3246 854 3280 amen
893 3232 941 3278 in
976 3234 1193 3279 senatum
1228 3229 1340 3278 lecti
1375 3233 1511 3277 eraut
1552 3228 1713 3289 (lectio
1738 3228 1865 3277 enim
1900 3230 2099 3291 singulis
2123 3229 2285 3279 lustris
2323 3246 2410 3279 usu
2446 3231 2683 3294 veniebat)
2714 3233 2793 3296 jus

717 3316 812 3364 tiae
843 3315 1067 3363 dicendae
1101 3316 1151 3362 in
1197 3316 1379 3364 senatu.
1454 3313 1684 3377 Quamvis
1710 3313 1786 3362 lex
1812 3317 1973 3362 nostra
2009 3318 2162 3363 taceat
2189 3312 2248 3363 de
2272 3314 2361 3364 hac
2384 3330 2435 3363 re
2471 3315 2596 3364 idem
2632 3321 2792 3367 tamen

713 3416 797 3448 nen
836 3399 1037 3448 adfuisse
1073 3403 1204 3462 puto.
1254 3398 1565 3461 Magistratus
1598 3398 1686 3462 ipsi
1728 3413 1821 3461 quo
1847 3402 2060 3461 tempore
2095 3414 2291 3447 munere
2327 3399 2650 3461 fungebantur
2682 3418 2790 3452 sen-

713 3499 743 3531 n
768 3498 864 3530 non
899 3482 1145 3539 dicebant,
1182 3481 1254 3539 (cf
1281 3494 1510 3530 cunum
1536 3484 1673 3531 Noct.
1697 3483 1797 3531 Act.
1836 3483 1949 3532 14.8
1974 3487 2022 3530 et
2044 3495 2295 3539 Taetrum,
2330 3486 2507 3533 Annal.
2532 3487 2588 3543 3,
2621 3485 2681 3538 17
2708 3487 2793 3535 ubi

713 3567 764 3615 io
801 3570 1110 3627 memoratur)
1145 3566 1345 3629 ideoque
1380 3565 1557 3615 mirum
1592 3566 1775 3615 exstitit
1814 3566 1939 3630 quod
1975 3565 2023 3614 in
2079 3566 2180 3629 lege
2214 3566 2505 3631 Salpensana
2541 3570 2656 3634 Cap.
2695 3571 2786 3631 26,

713 3657 854 3702 tratus
895 3650 1060 3715 jurare
1107 3650 1303 3714 jubetur
1349 3666 1398 3698 se
1434 3666 1622 3714 „neque
1668 3650 1807 3699 aliter
1853 3651 2137 3700 sententiam
2182 3652 2421 3703 dicturum
2468 3670 2611 3718 quam
2647 3658 2703 3704 ut
2738 3670 2796 3705 ex

715 3754 771 3800 ge
797 3752 946 3799 exque
969 3751 1021 3784 re
1047 3735 1286 3785 communi
1322 3735 1622 3799 municipum
1656 3737 1760 3785 eius
1795 3736 2041 3800 municipii
2075 3741 2264 3787 censeat
2299 3738 2451 3788 fore.”
2518 3737 2700 3789 Notum
2724 3744 2795 3790 est

713 3827 891 3880 matus,
923 3821 1094 3884 quibus
1129 3821 1314 3870 senatui
1349 3822 1580 3870 interesse
1627 3821 1833 3878 licebat,
1870 3822 2016 3870 verba
2049 3820 2203 3870 facere
2237 3822 2449 3886 potuisse
2484 3824 2796 3887 quandocun-

713 3906 850 3955 2llent
884 3905 1001 3965 (vid.
1051 3920 1096 3955 ν.
1122 3922 1169 3969 g.
1203 3918 1306 3953 mv.
1350 3906 1380 3954 8
1418 3905 1536 3970 Cap.
1585 3906 1677 3963 21,
1716 3906 1777 3954 cf.
1821 3918 2020 3964 nmen,
2069 3906 2203 3956 Ram.
2242 3907 2591 3966 Allerthamer,
2632 3908 2711 3967 ΙΙ,
2748 3925 2796 3974 p.

730 3989 857 4054 quod
895 4004 1004 4038 cum
1039 3989 1109 4037 ita
1143 3988 1237 4047 sit,
1269 3989 1316 4037 in
1349 3989 1662 4052 jurejurando
1705 3990 2019 4047 „sententiam
2044 3990 2233 4039 dicere”
2270 4006 2363 4039 non
2403 3991 2670 4041 adhibitum
2696 4008 2795 4043 esse

713 4097 716 4117 .
755 4072 939 4135 vulgari
975 4087 1116 4121 sensu
1151 4072 1233 4122 sed
1269 4072 1539 4137 significare
1580 4074 1759 4132 „verba
1795 4074 1948 4123 facere
1986 4075 2043 4123 de
2080 4090 2132 4125 re
2166 4074 2368 4123 relata.'’
2404 4075 2605 4139 Quodsi
2630 4093 2795 4128 verum

713 4157 1027 4221 sagien-atibus
1077 4156 1155 4221 jus
1193 4172 1286 4206 non
1324 4157 1468 4206 fuisse
1499 4159 1786 4208 sententiam
1826 4160 2009 4218 dicere,
2036 4175 2225 4209 necesse
2262 4162 2334 4208 est
2368 4163 2423 4209 ut
2457 4164 2634 4211 temere
2682 4178 2792 4213 con·

713 4256 756 4288 se
790 4240 978 4289 dicatur
1014 4240 1100 4289 vir.
1137 4239 1199 4290 cl.
1247 4253 1535 4299 nonnum,
1573 4243 1892 4302 (Stadtrechte
1925 4259 1975 4308 p.
2012 4246 2132 4306 445)
2167 4244 2561 4309 magistratusqui
2597 4261 2791 4296 munere

718 4339 809 4372 unc
862 4324 1176 4388 fungerentur
1223 4325 1597 4389 comprehensos
1642 4343 1745 4377 esse
1796 4328 2052 4379 notissima
2100 4328 2187 4379 illa
2238 4325 2444 4379 formula
2500 4330 2707 4395 „quibus
2740 4330 2792 4381 in

713 4441 716 4457 1,
752 4410 1033 4459 sententiam
1070 4409 1227 4460 dicere
1262 4409 1428 4459 licet.”
