<?xml version="1.0" encoding="UTF-8"?>
<!DOCTYPE html PUBLIC "-//W3C//DTD XHTML 1.0 Transitional//EN"
    "http://www.w3.org/TR/xhtml1/DTD/xhtml1-transitional.dtd">
<html xmlns="http://www.w3.org/1999/xhtml" xml:lang="en" lang="en">
 <head>
  <title>
</title>
<meta http-equiv="Content-Type" content="text/html;charset=utf-8" />
  <meta name='ocr-system' content='tesseract 3.04.00' />
  <meta name='ocr-capabilities' content='ocr_page ocr_carea ocr_par ocr_line ocrx_word'/>
</head>
<body>
  <div class='ocr_page' id='page_1' title='image "./disquisitiodeae00swingoog_0093.png"; bbox 0 0 3027 5263; ppageno 0'>
   <div class='ocr_carea' id='block_1_1' title="bbox 1371 604 1449 665">
    <p class='ocr_par' dir='ltr' id='par_1_1' title="bbox 1371 604 1449 665">
     <span class='ocr_line' id='line_1_1' title="bbox 1371 604 1449 665; baseline 0 0"><span class='ocrx_word' id='word_1_1' title='bbox 1371 604 1449 665; x_wconf 89' lang='grc'><strong>77</strong></span> 
     </span>
    </p>
   </div>
   <div class='ocr_carea' id='block_1_2' title="bbox 286 794 2539 1390">
    <p class='ocr_par' dir='ltr' id='par_1_2' title="bbox 286 794 2539 1390">
     <span class='ocr_line' id='line_1_2' title="bbox 288 794 2539 889; baseline 0.002 -26"><span class='ocrx_word' id='word_1_2' title='bbox 288 797 475 863; x_wconf 86' lang='lat' dir='ltr'><strong>Italia</strong></span> <span class='ocrx_word' id='word_1_3' title='bbox 545 801 686 881; x_wconf 86' lang='lat' dir='ltr'><strong>post</strong></span> <span class='ocrx_word' id='word_1_4' title='bbox 751 796 961 861; x_wconf 85' lang='lat' dir='ltr'><strong>Setum</strong></span> <span class='ocrx_word' id='word_1_5' title='bbox 1010 794 1171 859; x_wconf 89' lang='lat' dir='ltr'><strong>illud</strong></span> <span class='ocrx_word' id='word_1_6' title='bbox 1217 795 1476 859; x_wconf 85' lang='lat' dir='ltr'><strong>invaluit</strong></span> <span class='ocrx_word' id='word_1_7' title='bbox 1496 820 1517 873; x_wconf 95' lang='lat'>3</span> <span class='ocrx_word' id='word_1_8' title='bbox 1571 816 1710 861; x_wconf 90' lang='lat' dir='ltr'><strong>cum</strong></span> <span class='ocrx_word' id='word_1_9' title='bbox 1757 795 1919 861; x_wconf 91' lang='lat' dir='ltr'><strong>enim</strong></span> <span class='ocrx_word' id='word_1_10' title='bbox 1967 798 2073 862; x_wconf 74' lang='lat' dir='ltr'><strong>hoe</strong></span> <span class='ocrx_word' id='word_1_11' title='bbox 2118 804 2357 867; x_wconf 88' lang='lat' dir='ltr'><strong>tantum</strong></span> <span class='ocrx_word' id='word_1_12' title='bbox 2406 824 2539 889; x_wconf 88' lang='lat' dir='ltr'><strong>pro·</strong></span> 
     </span>
     <span class='ocr_line' id='line_1_3' title="bbox 289 922 2539 1011; baseline 0.001 -21"><span class='ocrx_word' id='word_1_13' title='bbox 289 925 528 990; x_wconf 80' lang='lat' dir='ltr'><strong>biberet</strong></span> <span class='ocrx_word' id='word_1_14' title='bbox 576 946 651 988; x_wconf 89' lang='lat' dir='ltr'><strong>ne</strong></span> <span class='ocrx_word' id='word_1_15' title='bbox 701 924 844 1008; x_wconf 93' lang='lat' dir='ltr'><strong>quis</strong></span> <span class='ocrx_word' id='word_1_16' title='bbox 880 922 1145 988; x_wconf 80' lang='lat' dir='ltr'><strong>dirueret</strong></span> <span class='ocrx_word' id='word_1_17' title='bbox 1178 946 1250 987; x_wconf 91' lang='lat' dir='ltr'><strong>eo</strong></span> <span class='ocrx_word' id='word_1_18' title='bbox 1285 922 1539 987; x_wconf 89' lang='lat' dir='ltr'><strong>consilio</strong></span> <span class='ocrx_word' id='word_1_19' title='bbox 1576 930 1645 987; x_wconf 86' lang='lat' dir='ltr'><strong>ut</strong></span> <span class='ocrx_word' id='word_1_20' title='bbox 1684 923 1823 1009; x_wconf 89' lang='lat' dir='ltr'><strong>plus</strong></span> <span class='ocrx_word' id='word_1_21' title='bbox 1848 924 2186 1009; x_wconf 80' lang='lat' dir='ltr'><strong>acquireret</strong></span> <span class='ocrx_word' id='word_1_22' title='bbox 2219 926 2299 1011; x_wconf 88' lang='lat'><strong>¹),</strong></span> <span class='ocrx_word' id='word_1_23' title='bbox 2335 935 2539 993; x_wconf 89' lang='lat' dir='ltr'><strong>nostra</strong></span> 
     </span>
     <span class='ocr_line' id='line_1_4' title="bbox 288 1050 2535 1138; baseline 0.001 -22"><span class='ocrx_word' id='word_1_24' title='bbox 288 1052 390 1116; x_wconf 87' lang='lat' dir='ltr'><strong>lex</strong></span> <span class='ocrx_word' id='word_1_25' title='bbox 421 1050 652 1115; x_wconf 86' lang='lat' dir='ltr'><strong>nullam</strong></span> <span class='ocrx_word' id='word_1_26' title='bbox 687 1050 1083 1114; x_wconf 88' lang='lat' dir='ltr'><strong>detectionem</strong></span> <span class='ocrx_word' id='word_1_27' title='bbox 1104 1096 1122 1127; x_wconf 91' lang='lat'>,</span> <span class='ocrx_word' id='word_1_28' title='bbox 1161 1050 1675 1127; x_wconf 84' lang='lat' dir='ltr'><strong>destructionem,</strong></span> <span class='ocrx_word' id='word_1_29' title='bbox 1714 1050 2169 1117; x_wconf 87' lang='lat' dir='ltr'><strong>demolitionem</strong></span> <span class='ocrx_word' id='word_1_30' title='bbox 2203 1054 2535 1138; x_wconf 87' lang='lat' dir='ltr'><strong>permittit,</strong></span> 
     </span>
     <span class='ocr_line' id='line_1_5' title="bbox 286 1176 2536 1263; baseline 0.002 -22"><span class='ocrx_word' id='word_1_31' title='bbox 286 1178 416 1241; x_wconf 89' lang='lat' dir='ltr'><strong>nisi</strong></span> <span class='ocrx_word' id='word_1_32' title='bbox 479 1200 631 1262; x_wconf 87' lang='lat' dir='ltr'><strong>quae</strong></span> <span class='ocrx_word' id='word_1_33' title='bbox 695 1178 800 1241; x_wconf 88' lang='lat' dir='ltr'><strong>fiat</strong></span> <span class='ocrx_word' id='word_1_34' title='bbox 863 1176 1259 1241; x_wconf 86' lang='lat' dir='ltr'><strong>restitutionis</strong></span> <span class='ocrx_word' id='word_1_35' title='bbox 1309 1198 1488 1241; x_wconf 86' lang='lat' dir='ltr'><strong>eausa</strong></span> <span class='ocrx_word' id='word_1_36' title='bbox 1512 1177 1563 1261; x_wconf 73' lang='grc'><strong>2)</strong></span> <span class='ocrx_word' id='word_1_37' title='bbox 1576 1203 1595 1254; x_wconf 91' lang='lat'>3</span> <span class='ocrx_word' id='word_1_38' title='bbox 1672 1182 1733 1241; x_wconf 88' lang='lat' dir='ltr'><strong>et</strong></span> <span class='ocrx_word' id='word_1_39' title='bbox 1775 1199 1852 1242; x_wconf 91' lang='lat' dir='ltr'><strong>ne</strong></span> <span class='ocrx_word' id='word_1_40' title='bbox 1915 1178 2031 1243; x_wconf 86' lang='lat' dir='ltr'><strong>hoo</strong></span> <span class='ocrx_word' id='word_1_41' title='bbox 2079 1179 2360 1263; x_wconf 86' lang='lat' dir='ltr'><strong>quidem,</strong></span> <span class='ocrx_word' id='word_1_42' title='bbox 2414 1182 2536 1246; x_wconf 89' lang='lat' dir='ltr'><strong>nisi</strong></span> 
     </span>
     <span class='ocr_line' id='line_1_6' title="bbox 289 1302 2536 1390; baseline 0.002 -22"><span class='ocrx_word' id='word_1_43' title='bbox 289 1305 451 1369; x_wconf 89' lang='lat' dir='ltr'><strong>intra</strong></span> <span class='ocrx_word' id='word_1_44' title='bbox 522 1326 750 1368; x_wconf 88' lang='lat' dir='ltr'><strong>annum</strong></span> <span class='ocrx_word' id='word_1_45' title='bbox 823 1303 1088 1388; x_wconf 83' lang='lat' dir='ltr'><strong>perfecta</strong></span> <span class='ocrx_word' id='word_1_46' title='bbox 1136 1304 1218 1366; x_wconf 92' lang='lat' dir='ltr'><strong>sit</strong></span> <span class='ocrx_word' id='word_1_47' title='bbox 1265 1303 1576 1367; x_wconf 81' lang='lat' dir='ltr'><strong>restitutio</strong></span> <span class='ocrx_word' id='word_1_48' title='bbox 1594 1328 1613 1381; x_wconf 98' lang='lat'>3</span> <span class='ocrx_word' id='word_1_49' title='bbox 1679 1302 1859 1367; x_wconf 86' lang='lat' dir='ltr'><strong>latius</strong></span> <span class='ocrx_word' id='word_1_50' title='bbox 1906 1304 2096 1390; x_wconf 86' lang='lat' dir='ltr'><strong>igitur</strong></span> <span class='ocrx_word' id='word_1_51' title='bbox 2142 1306 2536 1372; x_wconf 84' lang='lat' dir='ltr'><strong>interdictum</strong></span> 
     </span>
    </p>
   </div>
   <div class='ocr_carea' id='block_1_3' title="bbox 277 1429 2535 3166">
    <p class='ocr_par' dir='ltr' id='par_1_3' title="bbox 284 1429 1750 1519">
     <span class='ocr_line' id='line_1_7' title="bbox 284 1429 1750 1519; baseline -0.002 -23"><span class='ocrx_word' id='word_1_52' title='bbox 284 1431 438 1519; x_wconf 87' lang='lat' dir='ltr'><strong>legis</strong></span> <span class='ocrx_word' id='word_1_53' title='bbox 484 1438 727 1495; x_wconf 87' lang='lat' dir='ltr'><strong>nostrae</strong></span> <span class='ocrx_word' id='word_1_54' title='bbox 776 1436 946 1516; x_wconf 87' lang='lat' dir='ltr'><strong>patet</strong></span> <span class='ocrx_word' id='word_1_55' title='bbox 994 1452 1172 1515; x_wconf 89' lang='lat' dir='ltr'><strong>quam</strong></span> <span class='ocrx_word' id='word_1_56' title='bbox 1223 1429 1354 1492; x_wconf 87' lang='lat' dir='ltr'><strong>Soti</strong></span> <span class='ocrx_word' id='word_1_57' title='bbox 1403 1429 1750 1493; x_wconf 88' lang='lat' dir='ltr'><strong>Hosidiani.</strong></span> 
     </span>
    </p>

    <p class='ocr_par' dir='ltr' id='par_1_4' title="bbox 277 1554 2535 2407">
     <span class='ocr_line' id='line_1_8' title="bbox 473 1554 2532 1640; baseline 0.001 -18"><span class='ocrx_word' id='word_1_58' title='bbox 473 1559 659 1622; x_wconf 83' lang='lat' dir='ltr'><strong>Ratio</strong></span> <span class='ocrx_word' id='word_1_59' title='bbox 707 1558 980 1621; x_wconf 90' lang='lat' dir='ltr'><strong>omnium</strong></span> <span class='ocrx_word' id='word_1_60' title='bbox 1026 1556 1208 1620; x_wconf 89' lang='lat' dir='ltr'><strong>huius</strong></span> <span class='ocrx_word' id='word_1_61' title='bbox 1256 1554 1490 1640; x_wconf 87' lang='lat' dir='ltr'><strong>generis</strong></span> <span class='ocrx_word' id='word_1_62' title='bbox 1522 1554 1914 1640; x_wconf 88' lang='lat' dir='ltr'><strong>placitorum,</strong></span> <span class='ocrx_word' id='word_1_63' title='bbox 1950 1562 2021 1620; x_wconf 90' lang='lat' dir='ltr'><strong>ut</strong></span> <span class='ocrx_word' id='word_1_64' title='bbox 2052 1557 2247 1623; x_wconf 88' lang='lat' dir='ltr'><strong>obiter</strong></span> <span class='ocrx_word' id='word_1_65' title='bbox 2279 1558 2532 1640; x_wconf 87' lang='lat' dir='ltr'><strong>addam,</strong></span> 
     </span>
     <span class='ocr_line' id='line_1_9' title="bbox 279 1681 2535 1773; baseline 0.001 -22"><span class='ocrx_word' id='word_1_66' title='bbox 279 1687 466 1751; x_wconf 90' lang='lat' dir='ltr'><strong>fuisse</strong></span> <span class='ocrx_word' id='word_1_67' title='bbox 516 1685 757 1749; x_wconf 88' lang='lat' dir='ltr'><strong>videtur</strong></span> <span class='ocrx_word' id='word_1_68' title='bbox 804 1706 979 1761; x_wconf 89' lang='lat' dir='ltr'><strong>cura,</strong></span> <span class='ocrx_word' id='word_1_69' title='bbox 1045 1704 1123 1747; x_wconf 89' lang='lat' dir='ltr'><strong>ne</strong></span> <span class='ocrx_word' id='word_1_70' title='bbox 1170 1681 1452 1767; x_wconf 89' lang='lat' dir='ltr'><strong>publicus</strong></span> <span class='ocrx_word' id='word_1_71' title='bbox 1500 1691 1779 1767; x_wconf 88' lang='lat' dir='ltr'><strong>aspectus</strong></span> <span class='ocrx_word' id='word_1_72' title='bbox 1827 1682 2296 1765; x_wconf 86' lang='lat' dir='ltr'><strong>deformaretur,</strong></span> <span class='ocrx_word' id='word_1_73' title='bbox 2369 1689 2535 1773; x_wconf 89' lang='lat' dir='ltr'><strong>quod</strong></span> 
     </span>
     <span class='ocr_line' id='line_1_10' title="bbox 277 1809 2529 1897; baseline 0 -19"><span class='ocrx_word' id='word_1_74' title='bbox 277 1813 510 1878; x_wconf 84' lang='lat' dir='ltr'><strong>diserte</strong></span> <span class='ocrx_word' id='word_1_75' title='bbox 583 1816 828 1897; x_wconf 84' lang='lat' dir='ltr'><strong>apparet</strong></span> <span class='ocrx_word' id='word_1_76' title='bbox 899 1832 972 1874; x_wconf 85' lang='lat' dir='ltr'><strong>ex</strong></span> <span class='ocrx_word' id='word_1_77' title='bbox 1044 1809 1337 1893; x_wconf 86' lang='lat' dir='ltr'><strong>rescripto</strong></span> <span class='ocrx_word' id='word_1_78' title='bbox 1408 1828 1773 1873; x_wconf 75' lang='lat' dir='ltr'>ALEXANDRI</span> <span class='ocrx_word' id='word_1_79' title='bbox 1800 1809 1885 1895; x_wconf 81' lang='lat'><strong>³),</strong></span> <span class='ocrx_word' id='word_1_80' title='bbox 1956 1833 2220 1895; x_wconf 88' lang='lat' dir='ltr'><strong>quocum</strong></span> <span class='ocrx_word' id='word_1_81' title='bbox 2270 1814 2529 1880; x_wconf 88' lang='lat' dir='ltr'><strong>conferri</strong></span> 
     </span>
     <span class='ocr_line' id='line_1_11' title="bbox 279 1935 2531 2015; baseline 0.001 -10"><span class='ocrx_word' id='word_1_82' title='bbox 279 1945 548 2005; x_wconf 91' lang='lat' dir='ltr'><strong>meretur</strong></span> <span class='ocrx_word' id='word_1_83' title='bbox 616 1938 826 2001; x_wconf 89' lang='lat' dir='ltr'><strong>Sctum</strong></span> <span class='ocrx_word' id='word_1_84' title='bbox 901 1935 1308 2000; x_wconf 85' lang='lat' dir='ltr'><strong>Volusianum</strong></span> <span class='ocrx_word' id='word_1_85' title='bbox 1377 1935 1441 1998; x_wconf 91' lang='lat' dir='ltr'><strong>in</strong></span> <span class='ocrx_word' id='word_1_86' title='bbox 1516 1936 1668 2015; x_wconf 89' lang='lat' dir='ltr'><strong>fine,</strong></span> <span class='ocrx_word' id='word_1_87' title='bbox 1724 1935 1833 2001; x_wconf 91' lang='lat' dir='ltr'><strong>ubi</strong></span> <span class='ocrx_word' id='word_1_88' title='bbox 1886 1936 2146 2003; x_wconf 85' lang='lat' dir='ltr'><strong>Senatus</strong></span> <span class='ocrx_word' id='word_1_89' title='bbox 2216 1943 2531 2008; x_wconf 87' lang='lat' dir='ltr'><strong>confirmat</strong></span> 
     </span>
     <span class='ocr_line' id='line_1_12' title="bbox 283 2061 2528 2147; baseline 0.001 -16"><span class='ocrx_word' id='word_1_90' title='bbox 283 2068 499 2131; x_wconf 88' lang='lat' dir='ltr'><strong>Setum</strong></span> <span class='ocrx_word' id='word_1_91' title='bbox 587 2063 1000 2128; x_wconf 86' lang='lat' dir='ltr'><strong>Hosidianum</strong></span> <span class='ocrx_word' id='word_1_92' title='bbox 1090 2062 1380 2147; x_wconf 88' lang='lat' dir='ltr'><strong>quoniam</strong></span> <span class='ocrx_word' id='word_1_93' title='bbox 1467 2061 1661 2147; x_wconf 83' lang='lat' dir='ltr'><strong>magis</strong></span> <span class='ocrx_word' id='word_1_94' title='bbox 1742 2064 2091 2128; x_wconf 87' lang='lat' dir='ltr'><strong>conveniret</strong></span> <span class='ocrx_word' id='word_1_95' title='bbox 2162 2089 2345 2144; x_wconf 91' lang='lat' dir='ltr'><strong>„eum</strong></span> <span class='ocrx_word' id='word_1_96' title='bbox 2419 2068 2528 2133; x_wconf 90' lang='lat' dir='ltr'><strong>illo</strong></span> 
     </span>
     <span class='ocr_line' id='line_1_13' title="bbox 281 2189 2530 2275; baseline 0.001 -17"><span class='ocrx_word' id='word_1_97' title='bbox 281 2192 524 2258; x_wconf 87' lang='lat' dir='ltr'><strong>saeculo</strong></span> <span class='ocrx_word' id='word_1_98' title='bbox 595 2190 877 2256; x_wconf 89' lang='lat' dir='ltr'><strong>universa</strong></span> <span class='ocrx_word' id='word_1_99' title='bbox 925 2190 1128 2254; x_wconf 91' lang='lat' dir='ltr'><strong>ornari</strong></span> <span class='ocrx_word' id='word_1_100' title='bbox 1176 2212 1358 2275; x_wconf 88' lang='lat' dir='ltr'><strong>quam</strong></span> <span class='ocrx_word' id='word_1_101' title='bbox 1406 2200 1643 2274; x_wconf 85' lang='lat' dir='ltr'><strong>partem</strong></span> <span class='ocrx_word' id='word_1_102' title='bbox 1691 2189 1907 2254; x_wconf 86' lang='lat' dir='ltr'><strong>Italiae</strong></span> <span class='ocrx_word' id='word_1_103' title='bbox 1959 2191 2152 2256; x_wconf 89' lang='lat' dir='ltr'><strong>ruinis</strong></span> <span class='ocrx_word' id='word_1_104' title='bbox 2202 2193 2530 2260; x_wconf 83' lang='lat' dir='ltr'><strong>deformem</strong></span> 
     </span>
     <span class='ocr_line' id='line_1_14' title="bbox 286 2317 613 2407; baseline -0.006 -22"><span class='ocrx_word' id='word_1_105' title='bbox 286 2317 613 2407; x_wconf 89' lang='lat' dir='ltr'><strong>conspici.”</strong></span> 
     </span>
    </p>

    <p class='ocr_par' dir='ltr' id='par_1_5' title="bbox 278 2443 2533 3166">
     <span class='ocr_line' id='line_1_15' title="bbox 476 2443 2526 2531; baseline -0 -19"><span class='ocrx_word' id='word_1_106' title='bbox 476 2446 645 2512; x_wconf 89' lang='lat' dir='ltr'><strong>Ordo</strong></span> <span class='ocrx_word' id='word_1_107' title='bbox 716 2443 1123 2509; x_wconf 86' lang='lat' dir='ltr'><strong>Malacitanus</strong></span> <span class='ocrx_word' id='word_1_108' title='bbox 1193 2444 1348 2530; x_wconf 85' lang='lat' dir='ltr'><strong>legis</strong></span> <span class='ocrx_word' id='word_1_109' title='bbox 1420 2443 1873 2508; x_wconf 88' lang='lat' dir='ltr'><strong>immunitatem</strong></span> <span class='ocrx_word' id='word_1_110' title='bbox 1921 2443 2244 2510; x_wconf 86' lang='lat' dir='ltr'><strong>concedere</strong></span> <span class='ocrx_word' id='word_1_111' title='bbox 2290 2452 2490 2531; x_wconf 89' lang='lat' dir='ltr'><strong>potest</strong></span> <span class='ocrx_word' id='word_1_112' title='bbox 2505 2472 2526 2526; x_wconf 91' lang='lat'>3</span> 
     </span>
     <span class='ocr_line' id='line_1_16' title="bbox 283 2569 2524 2662; baseline 0 -22"><span class='ocrx_word' id='word_1_113' title='bbox 283 2574 452 2662; x_wconf 89' lang='lat' dir='ltr'><strong>quod</strong></span> <span class='ocrx_word' id='word_1_114' title='bbox 523 2594 762 2661; x_wconf 91' lang='lat' dir='ltr'><strong>prorsus</strong></span> <span class='ocrx_word' id='word_1_115' title='bbox 835 2571 1120 2638; x_wconf 88' lang='lat' dir='ltr'><strong>convenit</strong></span> <span class='ocrx_word' id='word_1_116' title='bbox 1185 2593 1327 2637; x_wconf 91' lang='lat' dir='ltr'><strong>cum</strong></span> <span class='ocrx_word' id='word_1_117' title='bbox 1390 2593 1460 2636; x_wconf 90' lang='lat' dir='ltr'><strong>eo</strong></span> <span class='ocrx_word' id='word_1_118' title='bbox 1536 2569 1700 2656; x_wconf 87' lang='lat' dir='ltr'><strong>quod</strong></span> <span class='ocrx_word' id='word_1_119' title='bbox 1772 2571 1842 2635; x_wconf 90' lang='lat' dir='ltr'><strong>in</strong></span> <span class='ocrx_word' id='word_1_120' title='bbox 1911 2570 2091 2637; x_wconf 88' lang='lat' dir='ltr'><strong>Italia</strong></span> <span class='ocrx_word' id='word_1_121' title='bbox 2156 2572 2313 2658; x_wconf 87' lang='lat' dir='ltr'><strong>juris</strong></span> <span class='ocrx_word' id='word_1_122' title='bbox 2386 2574 2524 2641; x_wconf 79' lang='lat' dir='ltr'><strong>fuit.</strong></span> 
     </span>
     <span class='ocr_line' id='line_1_17' title="bbox 279 2698 2527 2785; baseline 0 -19"><span class='ocrx_word' id='word_1_123' title='bbox 279 2701 414 2784; x_wconf 75' lang='lat' dir='ltr'><strong>Qui</strong></span> <span class='ocrx_word' id='word_1_124' title='bbox 502 2701 666 2766; x_wconf 90' lang='lat' dir='ltr'><strong>enim</strong></span> <span class='ocrx_word' id='word_1_125' title='bbox 752 2700 940 2765; x_wconf 85' lang='lat' dir='ltr'><strong>eximi</strong></span> <span class='ocrx_word' id='word_1_126' title='bbox 1013 2723 1075 2763; x_wconf 88' lang='lat' dir='ltr'><strong>se</strong></span> <span class='ocrx_word' id='word_1_127' title='bbox 1145 2698 1439 2785; x_wconf 87' lang='lat' dir='ltr'><strong>optabant</strong></span> <span class='ocrx_word' id='word_1_128' title='bbox 1503 2721 1539 2762; x_wconf 90' lang='lat' dir='ltr'><strong>a</strong></span> <span class='ocrx_word' id='word_1_129' title='bbox 1610 2699 1748 2763; x_wconf 91' lang='lat' dir='ltr'><strong>Scto</strong></span> <span class='ocrx_word' id='word_1_130' title='bbox 1823 2699 2161 2765; x_wconf 89' lang='lat' dir='ltr'><strong>Hosidiano</strong></span> <span class='ocrx_word' id='word_1_131' title='bbox 2234 2701 2527 2767; x_wconf 86' lang='lat' dir='ltr'><strong>Senatum</strong></span> 
     </span>
     <span class='ocr_line' id='line_1_18' title="bbox 281 2825 2533 2913; baseline 0 -20"><span class='ocrx_word' id='word_1_132' title='bbox 281 2828 537 2893; x_wconf 89' lang='lat' dir='ltr'><strong>adibant</strong></span> <span class='ocrx_word' id='word_1_133' title='bbox 605 2833 678 2893; x_wconf 89' lang='lat' dir='ltr'><strong>ut</strong></span> <span class='ocrx_word' id='word_1_134' title='bbox 727 2827 966 2892; x_wconf 89' lang='lat' dir='ltr'><strong>decreto</strong></span> <span class='ocrx_word' id='word_1_135' title='bbox 1014 2849 1115 2892; x_wconf 91' lang='lat' dir='ltr'><strong>eos</strong></span> <span class='ocrx_word' id='word_1_136' title='bbox 1163 2826 1508 2911; x_wconf 87' lang='lat' dir='ltr'><strong>adjuvaret3</strong></span> <span class='ocrx_word' id='word_1_137' title='bbox 1576 2825 1721 2889; x_wconf 84' lang='lat' dir='ltr'><strong>talis</strong></span> <span class='ocrx_word' id='word_1_138' title='bbox 1771 2825 2001 2890; x_wconf 86' lang='lat' dir='ltr'><strong>decreti</strong></span> <span class='ocrx_word' id='word_1_139' title='bbox 2049 2827 2390 2913; x_wconf 89' lang='lat' dir='ltr'><strong>exemplum</strong></span> <span class='ocrx_word' id='word_1_140' title='bbox 2441 2836 2533 2894; x_wconf 88' lang='lat' dir='ltr'><strong>est</strong></span> 
     </span>
     <span class='ocr_line' id='line_1_19' title="bbox 278 2951 2527 3039; baseline -0.001 -17"><span class='ocrx_word' id='word_1_141' title='bbox 278 2957 494 3022; x_wconf 78' lang='lat' dir='ltr'><strong>Sctum</strong></span> <span class='ocrx_word' id='word_1_142' title='bbox 524 2952 927 3019; x_wconf 84' lang='lat' dir='ltr'><strong>Volusianum</strong></span> <span class='ocrx_word' id='word_1_143' title='bbox 960 2975 1082 3039; x_wconf 90' lang='lat' dir='ltr'><strong>quo</strong></span> <span class='ocrx_word' id='word_1_144' title='bbox 1117 2952 1394 3018; x_wconf 87' lang='lat' dir='ltr'><strong>Celsillae</strong></span> <span class='ocrx_word' id='word_1_145' title='bbox 1427 2951 1784 3016; x_wconf 81' lang='lat' dir='ltr'><strong>Alliatoriae</strong></span> <span class='ocrx_word' id='word_1_146' title='bbox 1803 2999 1822 3029; x_wconf 90' lang='lat'><em>,</em></span> <span class='ocrx_word' id='word_1_147' title='bbox 1856 2973 2010 3036; x_wconf 89' lang='lat' dir='ltr'><strong>quae</strong></span> <span class='ocrx_word' id='word_1_148' title='bbox 2045 2952 2111 3016; x_wconf 90' lang='lat' dir='ltr'><strong>in</strong></span> <span class='ocrx_word' id='word_1_149' title='bbox 2142 2953 2308 3018; x_wconf 87' lang='lat' dir='ltr'><strong>hunc</strong></span> <span class='ocrx_word' id='word_1_150' title='bbox 2340 2955 2527 3021; x_wconf 89' lang='lat' dir='ltr'><strong>finem</strong></span> 
     </span>
     <span class='ocr_line' id='line_1_20' title="bbox 278 3077 2531 3166; baseline -0 -19"><span class='ocrx_word' id='word_1_151' title='bbox 278 3084 571 3147; x_wconf 85' lang='lat' dir='ltr'><strong>Senatum</strong></span> <span class='ocrx_word' id='word_1_152' title='bbox 619 3082 885 3159; x_wconf 87' lang='lat' dir='ltr'><strong>adierat,</strong></span> <span class='ocrx_word' id='word_1_153' title='bbox 937 3081 1154 3166; x_wconf 84' lang='lat' dir='ltr'><strong>petitio</strong></span> <span class='ocrx_word' id='word_1_154' title='bbox 1202 3079 1555 3145; x_wconf 86' lang='lat' dir='ltr'><strong>conceditur</strong></span> <span class='ocrx_word' id='word_1_155' title='bbox 1579 3079 1648 3164; x_wconf 68' lang='lat'><strong>⁴).</strong></span> <span class='ocrx_word' id='word_1_156' title='bbox 1699 3078 2087 3144; x_wconf 59' lang='lat' dir='ltr'><strong>Laeonum</strong></span> <span class='ocrx_word' id='word_1_157' title='bbox 2134 3077 2237 3143; x_wconf 88' lang='lat' dir='ltr'><strong>1.l.</strong></span> <span class='ocrx_word' id='word_1_158' title='bbox 2273 3080 2531 3146; x_wconf 87' lang='lat' dir='ltr'><strong>miratur</strong></span> 
     </span>
    </p>
   </div>
   <div class='ocr_carea' id='block_1_4' title="bbox 275 3204 2527 3297">
    <p class='ocr_par' dir='ltr' id='par_1_6' title="bbox 275 3204 2527 3297">
     <span class='ocr_line' id='line_1_21' title="bbox 275 3204 2527 3297; baseline -0.001 -21"><span class='ocrx_word' id='word_1_159' title='bbox 275 3215 634 3297; x_wconf 88' lang='lat' dir='ltr'><strong>potestatem</strong></span> <span class='ocrx_word' id='word_1_160' title='bbox 705 3208 773 3274; x_wconf 90' lang='lat' dir='ltr'><strong>in</strong></span> <span class='ocrx_word' id='word_1_161' title='bbox 828 3209 941 3273; x_wconf 87' lang='lat' dir='ltr'><strong>hae</strong></span> <span class='ocrx_word' id='word_1_162' title='bbox 990 3229 1169 3273; x_wconf 87' lang='lat' dir='ltr'><strong>causa</strong></span> <span class='ocrx_word' id='word_1_163' title='bbox 1217 3206 1417 3272; x_wconf 88' lang='lat' dir='ltr'><strong>ordini</strong></span> <span class='ocrx_word' id='word_1_164' title='bbox 1465 3204 1822 3291; x_wconf 87' lang='lat' dir='ltr'><strong>municipali</strong></span> <span class='ocrx_word' id='word_1_165' title='bbox 1871 3205 2073 3270; x_wconf 87' lang='lat' dir='ltr'><strong>datam</strong></span> <span class='ocrx_word' id='word_1_166' title='bbox 2089 3231 2110 3285; x_wconf 95' lang='lat'>3</span> <span class='ocrx_word' id='word_1_167' title='bbox 2164 3227 2388 3290; x_wconf 87' lang='lat' dir='ltr'><strong>quaero</strong></span> <span class='ocrx_word' id='word_1_168' title='bbox 2437 3214 2527 3274; x_wconf 90' lang='lat' dir='ltr'><strong>ta-</strong></span> 
     </span>
    </p>
   </div>
   <div class='ocr_carea' id='block_1_5' title="bbox 282 3432 691 3444">
    <p class='ocr_par' dir='ltr' id='par_1_7' title="bbox 282 3432 691 3444">
     <span class='ocr_line' id='line_1_22' title="bbox 282 3432 691 3444; baseline 0 0"><span class='ocrx_word' id='word_1_169' title='bbox 282 3432 691 3444; x_wconf 95' lang='lat' dir='ltr'><strong> </strong></span> 
     </span>
    </p>
   </div>
   <div class='ocr_carea' id='block_1_6' title="bbox 273 3565 2527 3716">
    <p class='ocr_par' dir='ltr' id='par_1_8' title="bbox 273 3565 2527 3716">
     <span class='ocr_line' id='line_1_23' title="bbox 416 3565 2527 3632; baseline -0 -16"><span class='ocrx_word' id='word_1_170' title='bbox 416 3567 454 3626; x_wconf 73' lang='lat'><strong>²)</strong></span> <span class='ocrx_word' id='word_1_171' title='bbox 526 3567 636 3616; x_wconf 90' lang='lat' dir='ltr'><strong>Non</strong></span> <span class='ocrx_word' id='word_1_172' title='bbox 682 3568 872 3615; x_wconf 87' lang='lat' dir='ltr'><strong>tantum</strong></span> <span class='ocrx_word' id='word_1_173' title='bbox 923 3568 1083 3615; x_wconf 87' lang='lat' dir='ltr'><strong>tamen</strong></span> <span class='ocrx_word' id='word_1_174' title='bbox 1120 3566 1180 3615; x_wconf 85' lang='lat' dir='ltr'><strong>ad</strong></span> <span class='ocrx_word' id='word_1_175' title='bbox 1215 3581 1294 3618; x_wconf 84' lang='lat' dir='ltr'><strong>eos</strong></span> <span class='ocrx_word' id='word_1_176' title='bbox 1328 3566 1411 3632; x_wconf 83' lang='lat' dir='ltr'><strong>qui</strong></span> <span class='ocrx_word' id='word_1_177' title='bbox 1445 3565 1776 3616; x_wconf 82' lang='lat' dir='ltr'><strong>redivivorum</strong></span> <span class='ocrx_word' id='word_1_178' title='bbox 1810 3565 2084 3616; x_wconf 80' lang='lat' dir='ltr'><strong>venditione</strong></span> <span class='ocrx_word' id='word_1_179' title='bbox 2116 3565 2307 3614; x_wconf 82' lang='lat' dir='ltr'><strong>lucrum</strong></span> <span class='ocrx_word' id='word_1_180' title='bbox 2342 3568 2527 3630; x_wconf 79' lang='lat' dir='ltr'><strong>speeta-</strong></span> 
     </span>
     <span class='ocr_line' id='line_1_24' title="bbox 273 3649 2524 3716; baseline 0 -15"><span class='ocrx_word' id='word_1_181' title='bbox 273 3652 394 3702; x_wconf 87' lang='lat' dir='ltr'><strong>bant</strong></span> <span class='ocrx_word' id='word_1_182' title='bbox 428 3651 620 3716; x_wconf 83' lang='lat' dir='ltr'><strong>respicit</strong></span> <span class='ocrx_word' id='word_1_183' title='bbox 653 3652 820 3700; x_wconf 89' lang='lat' dir='ltr'><strong>Sctum</strong></span> <span class='ocrx_word' id='word_1_184' title='bbox 855 3651 937 3700; x_wconf 85' lang='lat' dir='ltr'><strong>sed</strong></span> <span class='ocrx_word' id='word_1_185' title='bbox 973 3651 1034 3700; x_wconf 86' lang='lat' dir='ltr'><strong>ad</strong></span> <span class='ocrx_word' id='word_1_186' title='bbox 1068 3667 1452 3716; x_wconf 89' lang='lat' dir='ltr'><strong>unumquemque</strong></span> <span class='ocrx_word' id='word_1_187' title='bbox 1488 3652 1568 3716; x_wconf 88' lang='lat' dir='ltr'><strong>qui</strong></span> <span class='ocrx_word' id='word_1_188' title='bbox 1605 3667 1691 3715; x_wconf 79' lang='lat' dir='ltr'><strong>spe</strong></span> <span class='ocrx_word' id='word_1_189' title='bbox 1725 3651 1845 3700; x_wconf 88' lang='lat' dir='ltr'><strong>lucri</strong></span> <span class='ocrx_word' id='word_1_190' title='bbox 1883 3651 2055 3700; x_wconf 84' lang='lat' dir='ltr'><strong>ductus</strong></span> <span class='ocrx_word' id='word_1_191' title='bbox 2074 3649 2223 3699; x_wconf 83' lang='lat' dir='ltr'><strong>diruit</strong></span> <span class='ocrx_word' id='word_1_192' title='bbox 2242 3649 2524 3701; x_wconf 87' lang='lat' dir='ltr'><strong>aedificium.</strong></span> 
     </span>
    </p>
   </div>
   <div class='ocr_carea' id='block_1_7' title="bbox 267 3734 2527 4550">
    <p class='ocr_par' dir='ltr' id='par_1_9' title="bbox 273 3734 1903 3801">
     <span class='ocr_line' id='line_1_25' title="bbox 273 3734 1903 3801; baseline -0.002 -15"><span class='ocrx_word' id='word_1_193' title='bbox 273 3737 336 3788; x_wconf 80' lang='lat' dir='ltr'><strong>cf.</strong></span> <span class='ocrx_word' id='word_1_194' title='bbox 371 3737 528 3785; x_wconf 76' lang='lat' dir='ltr'><strong>Setun</strong></span> <span class='ocrx_word' id='word_1_195' title='bbox 572 3734 872 3785; x_wconf 76' lang='lat' dir='ltr'><strong>Volusianum</strong></span> <span class='ocrx_word' id='word_1_196' title='bbox 907 3737 1031 3801; x_wconf 85' lang='lat' dir='ltr'><strong>apud</strong></span> <span class='ocrx_word' id='word_1_197' title='bbox 1067 3750 1192 3786; x_wconf 69' lang='lat' dir='ltr'><strong>zum.</strong></span> <span class='ocrx_word' id='word_1_198' title='bbox 1232 3737 1336 3785; x_wconf 84' lang='lat' dir='ltr'><strong>Del.</strong></span> <span class='ocrx_word' id='word_1_199' title='bbox 1373 3737 1598 3798; x_wconf 72' lang='lat' dir='ltr'><strong>Inscript.</strong></span> <span class='ocrx_word' id='word_1_200' title='bbox 1634 3751 1714 3785; x_wconf 90' lang='lat' dir='ltr'><strong>no.</strong></span> <span class='ocrx_word' id='word_1_201' title='bbox 1754 3736 1903 3784; x_wconf 82' lang='lat'>1692.</span> 
     </span>
    </p>

    <p class='ocr_par' dir='ltr' id='par_1_10' title="bbox 275 3818 2526 3970">
     <span class='ocr_line' id='line_1_26' title="bbox 413 3818 2526 3882; baseline 0 -14"><span class='ocrx_word' id='word_1_202' title='bbox 413 3820 456 3882; x_wconf 66' lang='grc'><strong>2)</strong></span> <span class='ocrx_word' id='word_1_203' title='bbox 524 3820 892 3870; x_wconf 76' lang='lat' dir='ltr'><strong>Restituendum</strong></span> <span class='ocrx_word' id='word_1_204' title='bbox 926 3835 1026 3870; x_wconf 81' lang='lat' dir='ltr'><strong>esse</strong></span> <span class='ocrx_word' id='word_1_205' title='bbox 1059 3821 1326 3870; x_wconf 84' lang='lat' dir='ltr'><strong>aedificium</strong></span> <span class='ocrx_word' id='word_1_206' title='bbox 1361 3820 1410 3870; x_wconf 91' lang='lat' dir='ltr'><strong>in</strong></span> <span class='ocrx_word' id='word_1_207' title='bbox 1446 3819 1646 3869; x_wconf 81' lang='lat' dir='ltr'><strong>eandem</strong></span> <span class='ocrx_word' id='word_1_208' title='bbox 1680 3821 1884 3869; x_wconf 83' lang='lat' dir='ltr'><strong>formam</strong></span> <span class='ocrx_word' id='word_1_209' title='bbox 1918 3818 1995 3867; x_wconf 88' lang='lat' dir='ltr'><strong>lex</strong></span> <span class='ocrx_word' id='word_1_210' title='bbox 2031 3819 2197 3868; x_wconf 79' lang='lat' dir='ltr'><strong>nostra</strong></span> <span class='ocrx_word' id='word_1_211' title='bbox 2241 3833 2339 3867; x_wconf 88' lang='lat' dir='ltr'><strong>non</strong></span> <span class='ocrx_word' id='word_1_212' title='bbox 2361 3818 2526 3882; x_wconf 80' lang='lat' dir='ltr'><strong>jubet3</strong></span> 
     </span>
     <span class='ocr_line' id='line_1_27' title="bbox 275 3902 2526 3970; baseline 0.001 -16"><span class='ocrx_word' id='word_1_213' title='bbox 275 3905 422 3970; x_wconf 72' lang='lat' dir='ltr'><strong>vulgo</strong></span> <span class='ocrx_word' id='word_1_214' title='bbox 457 3904 509 3953; x_wconf 89' lang='lat' dir='ltr'><strong>in</strong></span> <span class='ocrx_word' id='word_1_215' title='bbox 543 3905 632 3954; x_wconf 87' lang='lat' dir='ltr'><strong>hac</strong></span> <span class='ocrx_word' id='word_1_216' title='bbox 657 3921 709 3953; x_wconf 89' lang='lat' dir='ltr'><strong>re</strong></span> <span class='ocrx_word' id='word_1_217' title='bbox 734 3905 826 3952; x_wconf 84' lang='lat' dir='ltr'><strong>loci</strong></span> <span class='ocrx_word' id='word_1_218' title='bbox 853 3906 1148 3954; x_wconf 85' lang='lat' dir='ltr'><strong>consuetudo</strong></span> <span class='ocrx_word' id='word_1_219' title='bbox 1175 3906 1497 3970; x_wconf 83' lang='lat' dir='ltr'><strong>spectabatur.</strong></span> <span class='ocrx_word' id='word_1_220' title='bbox 1525 3905 1605 3953; x_wconf 86' lang='lat' dir='ltr'><strong>vid</strong></span> <span class='ocrx_word' id='word_1_221' title='bbox 1630 3905 1723 3969; x_wconf 85' lang='lat' dir='ltr'><strong>leg.</strong></span> <span class='ocrx_word' id='word_1_222' title='bbox 1750 3906 1778 3954; x_wconf 84' lang='lat'><strong>:3</strong></span> <span class='ocrx_word' id='word_1_223' title='bbox 1805 3904 1924 3954; x_wconf 85' lang='lat' dir='ltr'><strong>Cod.</strong></span> <span class='ocrx_word' id='word_1_224' title='bbox 1948 3903 2009 3952; x_wconf 82' lang='lat' dir='ltr'><strong>de</strong></span> <span class='ocrx_word' id='word_1_225' title='bbox 2032 3902 2180 3967; x_wconf 57' lang='lat' dir='ltr'><strong>aedis.</strong></span> <span class='ocrx_word' id='word_1_226' title='bbox 2198 3903 2328 3966; x_wconf 76' lang='lat' dir='ltr'><strong>priv.</strong></span> <span class='ocrx_word' id='word_1_227' title='bbox 2355 3905 2526 3966; x_wconf 86' lang='lat' dir='ltr'><strong>(8.lo).</strong></span> 
     </span>
    </p>

    <p class='ocr_par' dir='ltr' id='par_1_11' title="bbox 416 3987 2457 4056">
     <span class='ocr_line' id='line_1_28' title="bbox 416 3987 2457 4056; baseline 0 -19"><span class='ocrx_word' id='word_1_228' title='bbox 416 3988 456 4050; x_wconf 80' lang='grc'><strong>3)</strong></span> <span class='ocrx_word' id='word_1_229' title='bbox 526 3989 644 4038; x_wconf 87' lang='lat' dir='ltr'><strong>Vide</strong></span> <span class='ocrx_word' id='word_1_230' title='bbox 679 3990 756 4051; x_wconf 86' lang='lat' dir='ltr'><strong>leg</strong></span> <span class='ocrx_word' id='word_1_231' title='bbox 792 3990 821 4037; x_wconf 81' lang='lat'>2</span> <span class='ocrx_word' id='word_1_232' title='bbox 859 3990 976 4038; x_wconf 89' lang='lat' dir='ltr'><strong>Cod.</strong></span> <span class='ocrx_word' id='word_1_233' title='bbox 1014 3991 1073 4038; x_wconf 82' lang='lat' dir='ltr'><strong>de</strong></span> <span class='ocrx_word' id='word_1_234' title='bbox 1095 3991 1202 4056; x_wconf 72' lang='lat' dir='ltr'><strong>aed.</strong></span> <span class='ocrx_word' id='word_1_235' title='bbox 1233 3992 1356 4052; x_wconf 80' lang='lat' dir='ltr'><strong>priv.</strong></span> <span class='ocrx_word' id='word_1_236' title='bbox 1387 3991 1487 4055; x_wconf 86' lang='lat' dir='ltr'><strong>jam</strong></span> <span class='ocrx_word' id='word_1_237' title='bbox 1523 3989 1663 4048; x_wconf 81' lang='lat' dir='ltr'><strong>laud3</strong></span> <span class='ocrx_word' id='word_1_238' title='bbox 1698 3988 1805 4037; x_wconf 88' lang='lat' dir='ltr'><strong>add.</strong></span> <span class='ocrx_word' id='word_1_239' title='bbox 1845 3987 1923 4036; x_wconf 83' lang='lat' dir='ltr'><strong>lex</strong></span> <span class='ocrx_word' id='word_1_240' title='bbox 1960 3988 1989 4036; x_wconf 87' lang='grc'><strong>6</strong></span> <span class='ocrx_word' id='word_1_241' title='bbox 2028 3988 2147 4038; x_wconf 82' lang='lat' dir='ltr'><strong>eod.</strong></span> <span class='ocrx_word' id='word_1_242' title='bbox 2183 3989 2330 4037; x_wconf 71' lang='lat' dir='ltr'><strong>eiusd.</strong></span> <span class='ocrx_word' id='word_1_243' title='bbox 2368 3989 2457 4038; x_wconf 65' lang='lat' dir='ltr'><strong>Tst.</strong></span> 
     </span>
    </p>

    <p class='ocr_par' dir='ltr' id='par_1_12' title="bbox 267 4071 2527 4550">
     <span class='ocr_line' id='line_1_29' title="bbox 410 4071 2525 4136; baseline 0 -14"><span class='ocrx_word' id='word_1_244' title='bbox 410 4071 454 4135; x_wconf 80' lang='lat'><strong>4)</strong></span> <span class='ocrx_word' id='word_1_245' title='bbox 523 4074 690 4123; x_wconf 86' lang='lat' dir='ltr'><strong>Sctum</strong></span> <span class='ocrx_word' id='word_1_246' title='bbox 725 4073 845 4122; x_wconf 90' lang='lat' dir='ltr'><strong>illud</strong></span> <span class='ocrx_word' id='word_1_247' title='bbox 882 4075 1000 4122; x_wconf 87' lang='lat' dir='ltr'><strong>mihi</strong></span> <span class='ocrx_word' id='word_1_248' title='bbox 1037 4075 1097 4124; x_wconf 87' lang='lat' dir='ltr'><strong>ad</strong></span> <span class='ocrx_word' id='word_1_249' title='bbox 1132 4075 1256 4124; x_wconf 85' lang='lat' dir='ltr'><strong>hanc</strong></span> <span class='ocrx_word' id='word_1_250' title='bbox 1291 4074 1443 4123; x_wconf 82' lang='lat' dir='ltr'><strong>solam</strong></span> <span class='ocrx_word' id='word_1_251' title='bbox 1478 4089 1669 4122; x_wconf 85' lang='lat' dir='ltr'><strong>causam</strong></span> <span class='ocrx_word' id='word_1_252' title='bbox 1706 4077 1923 4136; x_wconf 82' lang='lat' dir='ltr'><strong>spectare</strong></span> <span class='ocrx_word' id='word_1_253' title='bbox 1950 4073 2164 4129; x_wconf 86' lang='lat' dir='ltr'><strong>videtur,</strong></span> <span class='ocrx_word' id='word_1_254' title='bbox 2203 4087 2356 4136; x_wconf 89' lang='lat' dir='ltr'><strong>neque</strong></span> <span class='ocrx_word' id='word_1_255' title='bbox 2379 4072 2525 4122; x_wconf 84' lang='lat' dir='ltr'><strong>verba</strong></span> 
     </span>
     <span class='ocr_line' id='line_1_30' title="bbox 273 4156 2527 4224; baseline 0 -16"><span class='ocrx_word' id='word_1_256' title='bbox 273 4158 376 4208; x_wconf 85' lang='lat' dir='ltr'><strong>Soti</strong></span> <span class='ocrx_word' id='word_1_257' title='bbox 430 4157 876 4224; x_wconf 80' lang='lat' dir='ltr'><strong>interpretationem</strong></span> <span class='ocrx_word' id='word_1_258' title='bbox 913 4160 1135 4208; x_wconf 86' lang='lat' dir='ltr'><strong>latiorem</strong></span> <span class='ocrx_word' id='word_1_259' title='bbox 1191 4160 1416 4211; x_wconf 85' lang='lat' dir='ltr'><strong>suadent.</strong></span> <span class='ocrx_word' id='word_1_260' title='bbox 1487 4160 1686 4208; x_wconf 87' lang='lat' dir='ltr'><strong>Temere</strong></span> <span class='ocrx_word' id='word_1_261' title='bbox 1722 4159 1780 4206; x_wconf 90' lang='lat' dir='ltr'><strong>de</strong></span> <span class='ocrx_word' id='word_1_262' title='bbox 1815 4157 1905 4206; x_wconf 85' lang='lat' dir='ltr'><strong>hac</strong></span> <span class='ocrx_word' id='word_1_263' title='bbox 1942 4173 1992 4207; x_wconf 88' lang='lat' dir='ltr'><strong>re</strong></span> <span class='ocrx_word' id='word_1_264' title='bbox 2028 4156 2217 4206; x_wconf 88' lang='lat' dir='ltr'><strong>dubitat</strong></span> <span class='ocrx_word' id='word_1_265' title='bbox 2252 4170 2527 4208; x_wconf 70' lang='lat' dir='ltr'><strong>munorum</strong></span> 
     </span>
     <span class='ocr_line' id='line_1_31' title="bbox 271 4241 2524 4309; baseline -0.001 -15"><span class='ocrx_word' id='word_1_266' title='bbox 271 4244 324 4294; x_wconf 89' lang='lat' dir='ltr'><strong>in</strong></span> <span class='ocrx_word' id='word_1_267' title='bbox 383 4243 470 4306; x_wconf 82' lang='lat' dir='ltr'><strong>Op.</strong></span> <span class='ocrx_word' id='word_1_268' title='bbox 521 4245 558 4294; x_wconf 81' lang='lat' dir='ltr'><strong>l.</strong></span> <span class='ocrx_word' id='word_1_269' title='bbox 607 4261 655 4309; x_wconf 86' lang='lat' dir='ltr'><strong>p.</strong></span> <span class='ocrx_word' id='word_1_270' title='bbox 712 4246 808 4293; x_wconf 82' lang='lat'><strong>192</strong></span> <span class='ocrx_word' id='word_1_271' title='bbox 846 4245 929 4293; x_wconf 88' lang='lat' dir='ltr'><strong>ubi</strong></span> <span class='ocrx_word' id='word_1_272' title='bbox 965 4244 1102 4293; x_wconf 88' lang='lat' dir='ltr'><strong>dicit.-</strong></span> <span class='ocrx_word' id='word_1_273' title='bbox 1154 4245 1330 4304; x_wconf 83' lang='lat' dir='ltr'><strong>„Auch</strong></span> <span class='ocrx_word' id='word_1_274' title='bbox 1365 4245 1449 4293; x_wconf 89' lang='lat' dir='ltr'><strong>der</strong></span> <span class='ocrx_word' id='word_1_275' title='bbox 1485 4245 1571 4293; x_wconf 80' lang='lat' dir='ltr'><strong>auf</strong></span> <span class='ocrx_word' id='word_1_276' title='bbox 1604 4245 1687 4292; x_wconf 86' lang='lat' dir='ltr'><strong>das</strong></span> <span class='ocrx_word' id='word_1_277' title='bbox 1723 4241 1911 4292; x_wconf 85' lang='lat' dir='ltr'><strong>Gesuch</strong></span> <span class='ocrx_word' id='word_1_278' title='bbox 1949 4245 2035 4293; x_wconf 86' lang='lat' dir='ltr'><strong>der</strong></span> <span class='ocrx_word' id='word_1_279' title='bbox 2070 4241 2264 4290; x_wconf 80' lang='lat' dir='ltr'><strong>Celsilla</strong></span> <span class='ocrx_word' id='word_1_280' title='bbox 2300 4242 2524 4292; x_wconf 86' lang='lat' dir='ltr'><strong>ertheilte</strong></span> 
     </span>
     <span class='ocr_line' id='line_1_32' title="bbox 271 4326 2523 4395; baseline -0.002 -16"><span class='ocrx_word' id='word_1_281' title='bbox 271 4327 506 4379; x_wconf 86' lang='lat' dir='ltr'><strong>Bescheid</strong></span> <span class='ocrx_word' id='word_1_282' title='bbox 561 4329 748 4378; x_wconf 65' lang='lat' dir='ltr'><strong>enthalt</strong></span> <span class='ocrx_word' id='word_1_283' title='bbox 799 4329 936 4378; x_wconf 88' lang='lat' dir='ltr'><strong>keine</strong></span> <span class='ocrx_word' id='word_1_284' title='bbox 991 4329 1333 4395; x_wconf 87' lang='lat' dir='ltr'><strong>Dispensation</strong></span> <span class='ocrx_word' id='word_1_285' title='bbox 1381 4330 1466 4378; x_wconf 87' lang='lat' dir='ltr'><strong>der</strong></span> <span class='ocrx_word' id='word_1_286' title='bbox 1502 4329 1727 4377; x_wconf 80' lang='lat' dir='ltr'><strong>Petentin</strong></span> <span class='ocrx_word' id='word_1_287' title='bbox 1764 4329 1972 4376; x_wconf 82' lang='lat' dir='ltr'><strong>sondern</strong></span> <span class='ocrx_word' id='word_1_288' title='bbox 2009 4326 2240 4376; x_wconf 84' lang='lat' dir='ltr'><strong>vielmehr</strong></span> <span class='ocrx_word' id='word_1_289' title='bbox 2264 4326 2369 4375; x_wconf 87' lang='lat' dir='ltr'><strong>eine</strong></span> <span class='ocrx_word' id='word_1_290' title='bbox 2404 4342 2523 4390; x_wconf 79' lang='lat' dir='ltr'><strong>ganz</strong></span> 
     </span>
     <span class='ocr_line' id='line_1_33' title="bbox 267 4410 2523 4479; baseline -0.001 -17"><span class='ocrx_word' id='word_1_291' title='bbox 267 4413 550 4477; x_wconf 85' lang='lat' dir='ltr'><strong>allgemeine</strong></span> <span class='ocrx_word' id='word_1_292' title='bbox 600 4414 764 4476; x_wconf 79' lang='lat' dir='ltr'><strong>giitige</strong></span> <span class='ocrx_word' id='word_1_293' title='bbox 815 4415 1096 4479; x_wconf 82' lang='lat' dir='ltr'><strong>Auslegung</strong></span> <span class='ocrx_word' id='word_1_294' title='bbox 1147 4414 1230 4462; x_wconf 84' lang='lat' dir='ltr'><strong>des</strong></span> <span class='ocrx_word' id='word_1_295' title='bbox 1285 4414 1605 4464; x_wconf 86' lang='lat' dir='ltr'><strong>Hosidianum</strong></span> <span class='ocrx_word' id='word_1_296' title='bbox 1653 4413 1826 4463; x_wconf 82' lang='lat' dir='ltr'><strong>selbst:</strong></span> <span class='ocrx_word' id='word_1_297' title='bbox 1863 4411 2265 4478; x_wconf 81' lang='lat' dir='ltr'><strong>volligwerthlose</strong></span> <span class='ocrx_word' id='word_1_298' title='bbox 2300 4410 2523 4460; x_wconf 64' lang='lat' dir='ltr'><strong>Gebaude</strong></span> 
     </span>
     <span class='ocr_line' id='line_1_34' title="bbox 268 4497 1919 4550; baseline 0.001 -2"><span class='ocrx_word' id='word_1_299' title='bbox 268 4497 428 4548; x_wconf 83' lang='lat' dir='ltr'><strong>sollen</strong></span> <span class='ocrx_word' id='word_1_300' title='bbox 464 4498 571 4548; x_wconf 88' lang='lat' dir='ltr'><strong>dem</strong></span> <span class='ocrx_word' id='word_1_301' title='bbox 610 4498 792 4548; x_wconf 85' lang='lat' dir='ltr'><strong>Verbot</strong></span> <span class='ocrx_word' id='word_1_302' title='bbox 827 4499 912 4548; x_wconf 87' lang='lat' dir='ltr'><strong>des</strong></span> <span class='ocrx_word' id='word_1_303' title='bbox 947 4499 1202 4550; x_wconf 83' lang='lat' dir='ltr'><strong>Abbruchs</strong></span> <span class='ocrx_word' id='word_1_304' title='bbox 1237 4499 1372 4549; x_wconf 84' lang='lat' dir='ltr'><strong>nicht</strong></span> <span class='ocrx_word' id='word_1_305' title='bbox 1409 4499 1729 4549; x_wconf 84' lang='lat' dir='ltr'><strong>unterworfen</strong></span> <span class='ocrx_word' id='word_1_306' title='bbox 1766 4497 1919 4550; x_wconf 83' lang='lat' dir='ltr'><strong>sein.¹’</strong></span> 
     </span>
    </p>
   </div>
  </div>
 </body>
</html>
