3027 5263
1471 1752 1720 1852 PARS
1770 1755 1870 1850 H.

813 1975 915 2034 DE
955 1974 1147 2034 JURU
1191 1973 1499 2033 URBIUM
1542 1975 1902 2033 MALAOAE
1945 1974 2041 2032 ET
2086 1973 2531 2033 SALPENSAE.

736 2441 1039 2529 Hispania
1095 2443 1222 2528 jam
1276 2448 1550 2529 tempore
1617 2460 1913 2507 omanus
1929 2489 1949 2520 ,
2019 2442 2112 2506 uti
2169 2440 2410 2507 videtur
2446 2441 2534 2528 ¹),
2602 2441 2803 2508 divisa

551 2572 678 2635 erat
737 2567 805 2633 in
852 2569 1188 2655 provincias
1233 2576 1394 2649 tres,
1441 2591 1696 2657 quarum
1746 2591 1868 2634 una
1914 2568 2270 2649 Lusitania,
2321 2568 2475 2636 duae
2521 2570 2799 2657 reliquae

551 2696 856 2781 Hispania
904 2697 1148 2761 citerior
1195 2704 1254 2762 et
1300 2698 1551 2762 ulterior
1598 2697 1694 2763 vel
1740 2696 1991 2762 Baetica
2024 2696 2403 2763 dicebantur.
2453 2698 2795 2783 Postquam

551 2842 896 2902 AUGUSTUS,
947 2822 1266 2889 Cantabris
1314 2830 1374 2890 et
1405 2824 1734 2890 Asturibus
1765 2824 2177 2889 Romanorum
2210 2823 2430 2888 ditioni
2463 2824 2753 2910 subjectis
2774 2876 2793 2905 ‚

553 2948 951 3036 Hispaniam,
1019 2975 1298 3039 magnam
1363 2959 1524 3017 certe
1588 2958 1821 3036 partem
1884 2952 2164 3037 pacavit,
2235 2950 2582 3036 provincias
2647 2974 2799 3038 quas

553 3080 884 3144 memoravi
951 3081 1038 3145 ita
1102 3080 1306 3146 divisit
1369 3086 1439 3144 ut
1501 3079 1884 3145 Lusitaniam
1926 3085 1987 3143 et
2040 3078 2399 3163 Hispaniam
2456 3078 2796 3144 citeriorem

557 3205 677 3270 sibi
747 3208 1106 3292 sumpserit,
1179 3214 1250 3271 ut
1321 3214 1528 3272 essent
1600 3206 1944 3292 provinciae
1997 3206 2387 3292 Imperatoris
2405 3254 2424 3285 ,
2484 3204 2799 3271 Baeticam

556 3355 698 3398 vero
768 3333 1019 3397 Senatui
1088 3333 1421 3419 reliquerit.
1518 3333 1703 3399 Ratio
1776 3355 1963 3418 quam
2024 3333 2389 3419 sequebatur
2457 3332 2798 3419 Imperator

557 3459 627 3525 in
677 3459 976 3525 divisione
1021 3461 1472 3548 provinciarum
1522 3484 1589 3526 ea
1637 3461 1788 3541 fuit,
1854 3461 1950 3525 uti
1998 3462 2275 3547 regiones
2327 3460 2507 3547 plane
2556 3467 2797 3548 pacatas

557 3587 813 3654 Senatui
871 3588 1076 3668 daret3
1140 3589 1253 3655 sibi
1301 3590 1420 3675 ipsi
1465 3595 1675 3654 contra
1736 3610 1893 3675 quae
1940 3590 2211 3653 animum
2259 3587 2620 3654 bellicosum
2668 3610 2797 3675 per-

558 3722 747 3801 petuo
795 3716 1230 3797 ostendebant,
1282 3722 1545 3781 servaret
1574 3717 1646 3802 ²).

744 3844 916 3910 Inter
962 3845 1303 3930 provincias
1351 3844 1684 3909 senatorias
1698 3891 1718 3922 ,
1770 3865 2029 3929 quarum
2078 3842 2233 3908 duae
2287 3841 2497 3907 Africa
2544 3848 2605 3907 et
2652 3843 2797 3909 Asia

559 3976 734 4035 erant
797 3971 1169 4054 consulares,
1237 3978 1504 4038 caeterae
1571 3970 1900 4057 praetoriae
1918 4020 1939 4051 ,
1988 3971 2171 4036 etiam
2234 3975 2606 4036 memoratur
2648 3969 2799 4037 Bae-

703 4229 740 4290 1)
809 4230 918 4281 vid.
954 4242 1168 4291 cusan,
1205 4232 1330 4283 Bell.
1359 4234 1453 4284 Cio.
1488 4232 1596 4283 Lib.
1630 4233 1685 4291 1,
1721 4232 1839 4297 Cap.
1876 4232 1960 4281 38.

700 4314 741 4375 2)
813 4315 886 4366 cf.
921 4328 1222 4367 Lacunam
1233 4354 1248 4378 ,
1285 4318 1336 4367 in
1371 4317 1555 4383 Operez
1590 4318 1730 4368 Essai
1761 4318 1845 4367 des
1876 4317 1966 4366 lois
2004 4314 2293 4367 criminales
2320 4314 2403 4363 des
2428 4312 2673 4373 Romaim,
2710 4314 2801 4366 Pa·

562 4399 630 4449 ris
678 4400 838 4462 1845,
886 4416 936 4467 p.
972 4402 1096 4466 4013
1135 4402 1246 4455 add.
1282 4415 1482 4454 Pucn'ra
1536 4404 1711 4455 Cursus
1756 4403 1841 4455 der
1889 4400 2260 4460 Institutionen,
2294 4398 2512 4464 Leipzig,
2551 4398 2713 4461 1845,
2750 4401 2804 4461 1,

561 4502 609 4551 p.
644 4486 763 4539 406.
