3027 5263
1628 568 1760 629 114

555 767 900 831 distinctes:
971 764 1006 827 a
1069 764 1261 827 Rome
1324 784 1403 826 on
1452 783 1530 825 ne
1582 761 1713 825 voit
1761 782 1871 847 pas
1922 760 2025 845 qu'
2073 760 2215 826 elles
2262 761 2503 827 fussent
2549 762 2827 829 confiees

551 916 671 959 aux
721 893 944 957 memes
1003 888 1401 977 personnes;''
1448 888 1633 973 paulo
1684 894 1817 972 post
1881 888 1968 951 ita
2024 888 2255 973 pergit:
2310 892 2661 975 „pourquoi
2710 913 2818 955 ces

551 1021 780 1107 singuli
831 1019 1152 1084 custodes?
1198 1018 1236 1083 ὖ
1282 1018 1474 1081 Rome
1523 1038 1665 1080 sous
1711 1016 1772 1079 la
1818 1014 2188 1101 republique
2237 1039 2303 1081 ce
2352 1023 2491 1081 sont
2540 1018 2629 1081 les
2676 1041 2820 1083 can-

551 1148 752 1213 didats
803 1147 1022 1211 memes
1069 1146 1176 1230 qui
1223 1151 1539 1209 nomment
1585 1144 1672 1208 les
1716 1142 2055 1208 custodeS.''
2152 1144 2328 1225 Quae
2360 1166 2499 1209 cum
2532 1145 2622 1210 ita
2647 1146 2816 1225 sint,

544 1277 631 1340 ita
697 1275 1032 1339 concludit:
1135 1272 1366 1351 „Ainsi
1429 1271 1676 1357 Malaga
1724 1293 1787 1335 sc
1834 1276 2047 1336 trouve
2096 1270 2416 1367 priviligee
2464 1294 2569 1337 sur
2616 1274 2819 1339 Rome

549 1409 608 1466 et
659 1426 692 1466 a
741 1424 862 1466 une
909 1401 1047 1485 plus
1094 1398 1322 1484 grande
1371 1394 1593 1461 liberte
1643 1396 2023 1462 electorale.''

734 1529 921 1611 Quod
970 1528 1188 1591 attinet
1236 1526 1314 1590 ad
1363 1526 1677 1602 custodes,
1729 1524 1993 1590 concedo
2044 1545 2148 1589 eos
2192 1530 2463 1608 tempore
2512 1524 2812 1611 reipubli-

544 1679 647 1721 cae
719 1656 950 1719 Romae
1022 1655 1098 1719 ab
1171 1653 1378 1717 amicis
1446 1653 1615 1716 cistis
1663 1652 1970 1737 appositos
2021 1651 2207 1716 fuisse
2241 1652 2320 1736 ¹),
2388 1653 2812 1719 animadverto

543 1790 744 1847 tamen
817 1782 933 1845 hoc
1005 1787 1212 1865 postea
1284 1786 1589 1844 mutatum
1660 1802 1785 1844 esse
1811 1780 1884 1865 ²).
1982 1779 2419 1864 Praetereaque
2466 1782 2809 1846 tenendum

545 1912 728 1975 etiam
780 1909 1049 1973 Malacae
1101 1909 1377 1973 custodes
1427 1908 1724 1972 admissos
1773 1908 1960 1972 fuisse
2004 1909 2113 1993 qui
2168 1908 2242 1972 ab
2276 1910 2425 1994 ipsis
2458 1910 2805 1977 candidatis

545 2037 668 2101 dati
720 2044 936 2101 essent.

733 2164 868 2229 Hoc
917 2186 1160 2248 quoque
1209 2162 1647 2227 attendendum
1680 2162 2092 2226 diribitionem
2126 2162 2311 2226 fuisse
2343 2185 2568 2227 munus
2600 2164 2803 2249 publi-

547 2314 686 2355 cum
733 2298 864 2354 tum
915 2291 1144 2355 Romae
1179 2313 1316 2355 cum
1351 2290 1661 2369 Malacae,
1714 2311 1913 2373 neque
1944 2296 2325 2375 reputantem
2360 2291 2512 2355 illud
2547 2293 2804 2377 conjun-

540 2426 706 2482 ctum
761 2419 945 2482 fuisse
996 2417 1268 2481 Malacae
1303 2440 1442 2481 cum
1470 2418 1755 2481 cistarum
1784 2418 2084 2496 custodia,
2133 2418 2337 2482 mirari
2365 2424 2605 2504 oportet
2629 2432 2798 2484 utro-

540 2568 659 2630 que
719 2568 970 2609 munere
1018 2546 1333 2609 functuros
1384 2545 1808 2629 magistratum
1859 2544 2262 2609 constituisse.
2374 2546 2595 2631 Itaque
2645 2547 2797 2611 adeo

534 2673 687 2736 mihi
736 2672 1031 2757 placitum
1080 2672 1230 2757 legis
1280 2671 1426 2735 Mal.
1481 2671 1557 2736 ab
1609 2672 1906 2737 institutis
1954 2642 2245 2738 Romanis
2297 2672 2635 2759 discrepare
2667 2698 2799 2740 non

533 2801 779 2865 videtur
829 2823 899 2864 ac
947 2801 1142 2864 voluit
1191 2806 1422 2864 auctor.

725 2929 1019 2993 Custodes
1070 2929 1232 2992 cistis
1281 2933 1675 3013 apponuntur
1724 2950 1801 2991 ne
1849 2927 2054 2992 fraudi
2100 2927 2273 2992 locus
2322 2929 2442 3007 sit3
2490 2929 2649 2993 ratio
2675 2929 2793 2994 alia

534 3058 651 3122 fuit
702 3059 927 3124 Romae
975 3065 1244 3144 tempore
1288 3058 1655 3144 reipublicae
1667 3083 1686 3134 3
1738 3080 1807 3122 eo
1842 3057 2094 3122 consilio
2129 3058 2294 3123 enim
2328 3059 2789 3124 candidatorum

535 3187 714 3250 amici
805 3186 1231 3250 custodiebant
1330 3191 1400 3249 ut
1480 3185 1764 3270 suffragia
1846 3207 1953 3248 suo
2037 3184 2360 3250 candidato
2442 3209 2789 3272 comparare

529 3318 807 3396 possent.

717 3437 1054 3521 Postquam
1120 3437 1402 3522 suffragia
1448 3437 1573 3500 lata
1632 3445 1812 3516 sunt,
1867 3438 2151 3502 custodes
2197 3437 2467 3502 Malacae
2528 3438 2786 3504 dir-ibere

524 3539 832 3654 incipiunt
848 3591 867 3643 3
947 3565 1226 3650 sepositis
1303 3564 1543 3628 tabellis
1623 3587 1777 3649 quae
1844 3565 2114 3650 ejusdem
2182 3565 2494 3630 candidati
2559 3535 2783 3631 nomen

521 3691 810 3770 habeant,
860 3693 924 3755 in
973 3691 1202 3756 tabulis
1253 3692 1547 3755 denotant
1595 3692 1844 3756 nomina
1893 3713 2099 3756 eorum
2150 3692 2256 3775 qui
2305 3692 2594 3778 suffragia
2644 3716 2783 3758 con·

521 3823 717 3884 secuti
799 3828 978 3899 sunt3
1071 3822 1234 3907 quod
1315 3821 1591 3885 indicant
1661 3820 1869 3885 verba:
1945 3820 2291 3900 „rationem
2354 3821 2777 3906 suffragiorum

521 3947 809 4013 habere.''

705 4075 966 4140 Tabulas
1051 4075 1184 4138 illas
1254 4075 1453 4140 IIviro
1519 4075 1822 4139 tradentes
1888 4075 2178 4139 dicuntur
2242 4074 2591 4153 „rationem
2657 4072 2779 4137 suf-

2570 4251 2664 4282 ’Ἢ-

657 4317 688 4376 1)
760 4317 880 4366 Vide
933 4331 1215 4366 vAnaoNEM
1251 4319 1310 4367 de
1347 4320 1414 4367 Re
1448 4319 1585 4368 Rust.
1629 4320 1735 4376 111,
1780 4322 1825 4370 5.
1866 4321 1945 4370 18.
1983 4332 2278 4368 cronacum
2326 4321 2462 4370 Orat.
2492 4325 2623 4383 post.
2662 4281 2781 4382 33⁷2(-

509 4403 561 4450 in
597 4403 706 4452 Son.
746 4402 868 4466 Cap.
906 4401 958 4451 7.
1550 4397 1553 4404 ’

649 4487 686 4546 ²)
762 4488 882 4535 Vide
922 4500 1175 4536 mommsen
1213 4490 1344 4538 Ro‘m.
1385 4491 1553 4537 Tribus
1588 4505 1633 4552 p.
1678 4491 1791 4540 104.
