3027 5263
1622 598 1705 658 16

544 790 868 856 discrimen
909 791 1034 875 jam
1085 789 1229 852 satis
1276 789 1416 852 inde
1451 771 1699 874 apparet
1733 789 1895 874 quod
1949 811 2139 874 aequa
2164 789 2409 856 foedera
2433 791 2564 857 aliis
2599 816 2784 880 oppo-

539 924 773 982 nuntur
805 918 864 1000 ¹).

727 1044 1069 1129 Municipia
1120 1043 1352 1128 origine
1403 1043 1677 1106 civitates
1727 1043 1909 1107 fuisse
1959 1050 2109 1127 puto
2162 1066 2355 1128 aequo
2406 1045 2643 1110 foedere
2670 1047 2785 1111 Ro·

542 1172 738 1236 manis
766 1172 1010 1256 junctas
1020 1222 1037 1251 ,
1075 1192 1229 1257 quae
1262 1172 1470 1256 opinio
1522 1171 1740 1235 nititur
1787 1192 1907 1234 non
1954 1176 2189 1236 tantum
2219 1172 2413 1257 prima
2438 1173 2616 1238 Pauli
2643 1175 2785 1239 defi-

541 1301 776 1364 nitione
823 1321 1006 1384 quam
1057 1321 1196 1362 mox
1243 1297 1553 1382 allegabO,
1608 1299 1713 1362 sed
1761 1320 1831 1362 eo
1883 1321 2125 1384 quoque
2176 1301 2570 1365 confirmatur
2618 1303 2785 1387 quod

542 1426 666 1490 tale
737 1425 956 1490 foedus
1030 1447 1168 1490 cum
1215 1424 1455 1488 Latinis
1504 1425 1693 1490 ictum
1741 1424 1924 1489 fuisse
1975 1425 2199 1489 scimus
2232 1426 2281 1508 2)
2338 1432 2398 1490 et
2447 1427 2607 1491 inter
2654 1451 2787 1492 mu-

540 1553 774 1639 nicipia
845 1552 1257 1637 antiquissimi
1308 1553 1549 1637 generis
1596 1552 1849 1616 Latinae
1924 1551 2101 1616 urbes
2148 1559 2571 1632 recensentur3
2624 1577 2787 1620 acce·

543 1679 634 1744 dit
683 1679 848 1763 quod
876 1678 1207 1762 municipia
1255 1677 1360 1742 illa
1409 1678 1655 1742 civitate
1703 1678 1976 1742 Romana
2011 1679 2277 1743 caruisse
2309 1685 2561 1744 constat.
2618 1681 2788 1762 Quid

541 1812 747 1871 autem
777 1805 884 1868 illo
915 1805 1155 1870 foedere
1187 1805 1655 1870 continebatur?
1708 1805 2001 1870 Condicio
2034 1807 2332 1872 sociorum
2360 1809 2519 1872 inter
2544 1831 2609 1872 se
2633 1810 2786 1875 invi-

542 1957 674 2000 cem
707 1953 860 2018 quae
894 1953 1038 1996 voce
1069 1931 1464 2016 „isopolitia”
1496 1933 1661 2017 apud
1693 1937 1922 1996 veteres
1956 1933 2333 2019 designatur,
2372 1933 2491 1998 sibi
2524 1935 2783 2000 invicem

541 2059 838 2124 auxilium
895 2063 1103 2122 contra
1151 2057 1351 2121 hostes
1399 2080 1794 2143 quoscunque
1841 2065 2143 2144 praestare
2191 2058 2491 2125 debebant
2506 2087 2526 2139 3
2578 2064 2785 2128 omnia

542 2211 758 2263 onera,
811 2209 962 2272 quae
1010 2186 1340 2262 RomaniS,
1393 2185 1830 2251 incumbebant
1878 2186 2063 2251 etiam
2112 2187 2293 2252 sociis
2335 2188 2455 2252 illis
2488 2211 2563 2253 ex
2588 2191 2786 2254 muni-

541 2315 718 2400 cipiis
783 2314 833 2377 si
897 2312 1154 2377 Romam
1220 2311 1598 2376 domicilium
1648 2311 2121 2392 transferebant,
2188 2336 2310 2398 quo
2359 2315 2517 2378 facto
2573 2315 2784 2380 iisdem

541 2463 788 2526 quoque
831 2439 1071 2524 juribus
1104 2439 1460 2503 fruebantur
1507 2445 1745 2524 praeter
1786 2441 1885 2524 jus
1932 2441 2206 2526 suffragii
2257 2447 2317 2505 et
2364 2441 2687 2506 honorum.

731 2567 935 2649 Quam
1006 2567 1234 2653 optime
1284 2567 1434 2630 haec
1482 2568 1685 2631 omnia
1736 2569 2056 2631 convenire
2106 2591 2243 2634 cum
2298 2567 2377 2633 iis
2438 2592 2591 2655 quae
2640 2591 2783 2636 PAU-

535 2718 652 2761 Lth
702 2716 1012 2761 nrAcoNUs
1087 2696 1161 2759 de
1195 2695 1454 2779 antiquo
1516 2718 1735 2781 genere
1769 2696 2240 2781 municipiorum
2288 2699 2593 2783 scripserit
2628 2700 2673 2784 3)
2723 2705 2792 2762 nt

537 2832 840 2911 appareat,
875 2823 991 2888 hoc
1023 2822 1156 2889 loco
1190 2823 1359 2888 illam
1396 2823 1815 2888 definitionem
1848 2824 2110 2889 inserere
2136 2826 2329 2909 juvat.
2380 2826 2555 2889 Dixit
2589 2826 2781 2890 enim:

535 2952 999 3038 „Municipium
1047 2952 1113 3016 id
1161 2975 1350 3038 genus
1399 2952 1723 3017 hominum
1771 2952 1993 3017 dicitur
2027 2954 2131 3037 qui
2169 2976 2359 3038 quum
2392 2954 2649 3018 Romam
2682 2977 2780 3018 ve·

534 3080 768 3143 nissent
829 3101 1028 3162 neque
1092 3079 1250 3142 cives
1311 3079 1571 3143 Romani
1622 3084 1857 3157 essent,
1914 3080 2237 3165 participes
2284 3086 2487 3144 tamen
2538 3080 2784 3144 fuerunt

537 3206 812 3271 omnium
860 3228 1059 3270 rerum
1109 3207 1186 3269 ad
1233 3228 1455 3269 munus
1504 3206 1885 3293 fungendum
1947 3230 2072 3272 una
2121 3230 2259 3273 cum
2308 3208 2597 3273 Romanis
2645 3208 2785 3272 civi-

536 3331 650 3395 bus
698 3337 1114 3417 praeterquam
1167 3332 1241 3398 de
1289 3334 1571 3419 suffragio
1629 3334 1879 3398 ferendo
1928 3340 2035 3398 aut
2082 3335 2444 3420 magistratu
2492 3334 2786 3419 capiendo

535 3460 694 3524 sicut
718 3459 1000 3537 fuerunt,
1034 3460 1352 3541 Fundani,
1381 3462 1729 3541 Formiani,
1762 3461 2049 3538 Cumani,
2081 3462 2405 3537 Acerrani,
2436 3460 2782 3541 Lanuvini,

535 3587 901 3665 Tusculani,
955 3588 1064 3673 qui
1113 3595 1249 3675 post
1297 3589 1533 3674 aliquot
1580 3613 1771 3655 annos
1807 3590 1965 3653 cives
1993 3589 2187 3653 effecti
2220 3586 2422 3653 sunt.''
2470 3587 2571 3651 Ad
2619 3586 2786 3652 idem

537 3738 778 3801 quoque
849 3739 1040 3802 genus
1087 3717 1464 3803 municipum
1513 3738 1738 3782 FEs'rUs
1795 3716 1928 3803 (1.1.)
1980 3722 2249 3803 spectare
2310 3716 2553 3779 videtur
2596 3738 2787 3800 quum

537 3840 787 3906 scribit:
839 3845 1232 3931 „Municipes
1280 3852 1452 3908 erant
1517 3844 1624 3927 qui
1682 3866 1755 3907 ex
1804 3843 1939 3907 aliis
1992 3842 2337 3907 civitatibus
2384 3844 2640 3907 Romam
2689 3866 2787 3907 ve-

537 3969 769 4033 nissent
817 3970 1039 4054 quibus
1086 3993 1213 4036 non
1261 3970 1484 4035 licebat
1534 3969 1953 4053 magistratum
1998 3993 2211 4055 capere
2246 3970 2350 4034 sed
2383 3976 2623 4034 tantum
2656 3992 2789 4033 mu-

539 4096 702 4160 neris
748 4097 1040 4182 partem.”
1137 4099 1233 4174 Ex
1297 4098 1456 4162 hisce
1526 4102 1793 4161 veterum
1856 4097 2231 4162 testimoniis
2282 4097 2453 4181 sequi
2509 4097 2783 4161 videtur:

685 4256 718 4315 ¹)
789 4257 896 4308 vid.
932 4258 1008 4320 leg
1045 4256 1074 4309 7
1111 4260 1134 4318 §
1173 4259 1198 4305 1
1239 4259 1298 4309 D.
1334 4259 1394 4307 de
1429 4262 1549 4319 capt.
1591 4262 1637 4307 et
1666 4260 1805 4321 posll.
1842 4275 1939 4309 rev.
1977 4260 2089 4319 (49,
2132 4259 2233 4320 15).

679 4340 720 4403 2)
791 4342 866 4392 cf.
903 4356 1200 4391 cronacum
1228 4358 1320 4405 pro
1355 4344 1509 4393 Balbo
1548 4360 1648 4408 cap.
1690 4344 1769 4394 23.

679 4424 718 4484 ³)
786 4428 929 4493 Apud
965 4441 1161 4477 rssruu
1199 4428 1248 4476 in
1286 4427 1411 4476 libro
1445 4429 1504 4477 de
1550 4430 1677 4479 Verb.
1714 4429 1843 4492 Siyn.
1880 4428 1953 4479 ed.
1993 4432 2197 4477 minum
2216 4444 2263 4491 p.
2312 4424 2404 4477 127
2446 4426 2493 4474 in
2514 4440 2630 4475 voce
2650 4440 2791 4483 „mu-

541 4511 820 4575 mclpxum.’'
