3027 5263
1334 585 1459 646 199

458 779 723 864 Ingenui
773 780 834 842 in
877 779 1011 863 jure
1061 779 1337 842 Romano
1387 777 1701 859 dicuntur,
1754 781 1862 865 qui
1891 780 2066 846 liberi
2097 783 2222 847 nati
2255 791 2399 849 sunt
2440 786 2518 869 ¹);

266 907 544 972 libertini
609 929 749 972 vero
806 907 915 993 qui
978 927 1052 970 ex
1110 906 1271 991 justa
1318 907 1608 970 servitute
1674 908 2028 973 manumissi
2077 917 2221 974 sunt
2251 911 2326 995 2).
2429 913 2520 978 De

268 1037 585 1121 ingenuiS,
636 1035 713 1100 ad
761 1057 914 1120 quos
976 1057 1100 1098 non
1148 1035 1451 1120 pertinent
1504 1043 1816 1120 praecepta
1864 1035 2015 1122 legis
2066 1037 2515 1123 Salpensanae,

268 1185 393 1232 non
446 1161 683 1239 dicam;
734 1161 1155 1226 libertinorum
1212 1167 1440 1226 statum
1489 1183 1558 1225 ac
1607 1163 2016 1228 condicionem
2071 1187 2226 1249 quae
2275 1168 2336 1230 in
2391 1168 2520 1253 lege

270 1290 628 1355 describitur
678 1311 995 1374 exponam.

462 1418 807 1484 Libertinos
856 1440 992 1483 cum
1044 1417 1226 1482 iaciat
1276 1417 1711 1496 manumissio,
1749 1418 1823 1482 de
1871 1419 2002 1505 ipsa
2052 1421 2164 1485 hac
2199 1424 2526 1488 manumis-

269 1549 440 1613 sione
513 1547 840 1610 videamus.
940 1545 1087 1610 Erat
1151 1545 1319 1609 datio
1370 1545 1667 1609 libertatis
1702 1545 1746 1631 3)
1807 1554 1867 1609 et
1917 1547 2098 1610 variis
2149 1547 2346 1612 modis
2388 1549 2524 1634 jure

269 1677 548 1742 Romano
591 1673 1023 1760 peragebatur,
1104 1671 1196 1736 vel
1254 1671 1664 1749 sollemniter,
1716 1679 1898 1756 puta:
1957 1674 2254 1752 vindicta,
2307 1698 2524 1754 censu,

269 1809 635 1868 testamento
670 1802 718 1888 4)
740 1850 758 1878 ,
812 1800 905 1866 vel
954 1801 1153 1864 minus
1204 1797 1606 1878 sollemniter,
1653 1806 1836 1885 puta:
1873 1801 2030 1864 inter
2062 1803 2290 1867 amicos
2325 1811 2386 1868 et
2418 1827 2525 1889 per

275 1932 592 2017 epistolam
628 1931 699 2014 ⁵).

462 2059 687 2144 Legem
734 2055 1169 2140 Salpensanam
1204 2074 1444 2138 quoque
1480 2053 1748 2117 indicare
1783 2053 2042 2117 arbitror
2075 2056 2238 2141 apud
2273 2057 2529 2122 Latinos

274 2187 459 2252 variis
508 2186 699 2250 modis
768 2181 1294 2248 manumissionem
1358 2181 1563 2266 peragi
1628 2180 1898 2266 potuisse
1912 2207 1929 2258 3
1982 2183 2047 2246 in
2099 2182 2314 2269 Capite
2363 2187 2526 2249 enim

279 2320 363 2379 28
415 2315 480 2378 in
531 2314 692 2376 hunc
727 2311 973 2375 modum
1023 2317 1268 2374 cautum
1320 2316 1449 2372 est:
1504 2309 1617 2385 „Si
1668 2309 1808 2392 quis
1860 2311 2175 2396 municeps
2227 2313 2528 2398 municipi

273 2443 452 2508 Flavi
504 2418 903 2527 *Salpensani,
971 2439 1078 2524 qui
1142 2437 1400 2502 Latinus
1466 2437 1615 2514 erit,
1679 2437 1840 2522 apud
1907 2437 2170 2516 IIviros,
2241 2441 2347 2525 qui
2406 2441 2529 2525 juri

276 2571 545 2638 dicundo
593 2574 915 2656 praeerunt
962 2567 1093 2653 ejus
1145 2565 1503 2651 municipii,
1541 2587 1781 2628 servum
1811 2587 1990 2628 suum
2023 2588 2324 2633 servamve
2357 2591 2524 2633 suam

276 2723 351 2765 ex
399 2699 688 2764 servitute
736 2698 799 2760 in
849 2694 1186 2760 libertatem
1246 2693 1664 2758 manumiserit
1713 2692 1972 2758 liberum
2023 2695 2347 2759 liberamve
2397 2718 2526 2761 esse

271 2827 553 2914 jusserit,
623 2825 849 2888 dumne
908 2823 1047 2908 quis
1096 2820 1368 2907 pupillus
1434 2841 1582 2884 neve
1633 2842 1786 2904 quae
1837 2820 2008 2906 virgo
2061 2821 2348 2886 mulierve
2401 2824 2534 2887 sine

274 2962 480 3020 tutore
530 2958 770 3019 auctore
820 2974 999 3037 quem
1050 2970 1307 3035 quamve
1343 2949 1732 3013 manumittat
1765 2947 2023 3013 liberum
2058 2949 2378 3015 liberamve
2407 2975 2530 3017 esse

268 3084 519 3171 jubeat:
586 3083 693 3168 qui
762 3082 849 3145 ita
912 3079 1359 3157 manumissuS,
1435 3077 1664 3141 libetve
1727 3098 1858 3142 esse
1901 3078 2105 3162 jussus
2156 3080 2306 3157 erit,
2382 3080 2534 3144 liber

275 3220 443 3288 estc,
520 3231 794 3296 quaeque
868 3209 953 3272 ita
1018 3207 1389 3271 manumissa
1452 3205 1715 3269 liberave
1781 3228 1905 3269 esse
1964 3206 2130 3290 jussa
2180 3206 2293 3270 erit
2342 3207 2533 3271 libera

276 3347 449 3417 esto,
518 3345 587 3403 ut
653 3336 762 3422 qui
825 3336 1056 3421 optimo
1116 3334 1253 3419 jure
1317 3333 1492 3397 latini
1557 3332 1829 3397 libertini
1893 3331 2067 3397 liberi
2124 3340 2270 3398 sunt
2316 3340 2538 3414 erunt,

426 3576 459 3637 ¹)
532 3574 647 3623 Vide
682 3586 869 3631 estun,
911 3572 1033 3621 Inst.
1071 3572 1095 3619 1
1137 3572 1159 3631 5
1200 3571 1277 3619 11.
1314 3570 1375 3619 cf.
1428 3572 1550 3619 Inst.
1585 3570 1710 3618 Just.
1749 3568 1856 3618 Lib.
1893 3570 1942 3619 1.
1978 3569 2060 3618 'rit
2097 3572 2144 3619 4.
2180 3584 2252 3635 pr.
2289 3572 2338 3618 et
2373 3570 2464 3635 leg.
2503 3570 2530 3619 5

277 3665 301 3723 5
341 3662 389 3711 2.
428 3661 487 3709 D.
524 3660 583 3707 de
615 3662 743 3707 statu
778 3658 898 3705 hom.
936 3657 1083 3717 (1.5).

424 3746 463 3807 2)
537 3744 653 3793 Vide
690 3754 881 3799 aarum,
940 3741 1007 3791 1.1.
1044 3744 1092 3790 et
1128 3740 1176 3789 in
1226 3740 1329 3803 lege
1367 3740 1395 3787 6
1446 3740 1506 3789 D.
1553 3739 1615 3787 de
1647 3742 1758 3788 stat.
1811 3739 1928 3787 hom.
1969 3738 2106 3801 (1.5).
2151 3739 2210 3788 cf.
2252 3741 2373 3788 Inst.
2410 3742 2538 3789 Just.

278 3832 389 3882 Lib.
435 3832 480 3879 1.
515 3829 611 3878 Tit.
650 3829 678 3874 5
716 3843 789 3892 pr.
860 3826 993 3891 Quae
1032 3826 1239 3875 servitus
1277 3824 1455 3887 injusta
1491 3824 1749 3883 habeatur,
1787 3827 1984 3889 apparet
2021 3840 2077 3873 ex
2113 3823 2218 3889 lege
2257 3824 2320 3872 19
2356 3826 2379 3884 5
2419 3824 2448 3871 2
2485 3830 2532 3872 et

280 3917 344 3967 21
387 3918 409 3977 5
452 3918 493 3964 1.
531 3916 589 3964 D.
625 3914 685 3963 de
716 3916 839 3975 capt.
874 3916 922 3961 et
948 3912 1088 3973 posti.
1123 3926 1221 3960 rev.
1257 3909 1468 3970 (49.15).

422 3999 461 4061 ³)
535 3999 651 4047 Vide
686 4008 954 4047 utrumuis
990 3996 1041 4045 in
1078 3996 1180 4060 lege
1218 3997 1250 4043 4
1288 3995 1348 4043 D.
1384 3996 1444 4043 de
1478 3994 1603 4043 Just.
1639 3996 1685 4041 et
1718 3996 1825 4043 Jur.
1863 3994 2001 4053 (1.1).
2039 3996 2087 4043 et
2122 3996 2243 4044 Inst.
2265 3996 2388 4045 Just.
2430 3994 2535 4044 Lib.

286 4088 334 4136 1.
374 4086 471 4135 Tit.
512 4086 539 4131 5
579 4100 651 4147 pr.

422 4168 469 4231 4)
538 4170 655 4217 Vide
692 4180 985 4225 uerutum,
1035 4169 1147 4231 Περ.
1183 4167 1281 4216 Tit.
1321 4167 1365 4216 1.
1405 4168 1427 4226 5
1466 4165 1650 4213 6—10.
1687 4164 1749 4215 cf.
1783 4176 1972 4222 sucu,
2011 4164 2134 4214 Inst.
2175 4164 2220 4213 1.
2245 4162 2324 4214 17.
2361 4164 2534 4213 Paula·

282 4256 371 4304 tim
406 4253 715 4303 manumissio
751 4268 895 4301 censu
931 4251 1165 4301 obsolevit
1210 4254 1259 4300 et
1296 4250 1496 4300 accessit
1546 4248 1856 4298 manumissio
1895 4248 1940 4296 iu
1987 4248 2212 4307 ecclesia,
2261 4248 2368 4298 vide
2410 4249 2542 4298 Inst.

275 4342 408 4392 Just.
434 4339 539 4388 Lib.
568 4339 611 4388 1.
636 4338 731 4388 Tit.
760 4339 805 4387 5.
843 4340 865 4399 5
904 4338 927 4386 1
968 4344 1015 4386 et
1050 4337 1142 4402 leg.
1187 4339 1205 4385 1
1248 4338 1295 4385 et
1322 4337 1351 4385 2
1391 4336 1511 4385 cod.
1551 4336 1611 4384 de
1645 4335 1718 4383 Ιιὶε
1753 4334 1834 4398 qui
1870 4336 1919 4381 in
1950 4334 2109 4383 eccles.
2137 4350 2338 4385 manum.
2363 4334 2537 4395 (1.13).

422 4423 461 4483 ⁵)
535 4423 650 4472 Vide
686 4435 975 4479 urrunnu,
1017 4424 1126 4487 Καρ.
1162 4422 1259 4472 Tit.
1300 4421 1347 4470 1.
1379 4422 1401 4482 5
1440 4420 1657 4471 10-18,
1693 4423 1740 4469 et
1777 4432 1942 4469 carun
1995 4420 2017 4468 1
2046 4419 2180 4479 541,
2205 4421 2299 4477 443
2330 4418 2390 4468 ct.
2417 4418 2542 4467 Inst.

279 4510 405 4563 Just.
445 4508 550 4558 Lib.
595 4512 637 4557 1.
672 4508 768 4557 Tit.
808 4508 835 4555 5
875 4509 897 4569 5
940 4508 989 4558 1.
