3027 5263
1642 520 1677 579 8

727 717 894 782 Haec
944 721 1088 780 sunt
1138 714 1322 780 dubia
1371 735 1526 799 quae
1575 736 1647 778 ex
1697 713 1845 800 legis
1909 713 2100 776 forma
2147 713 2485 800 desumpsit
2531 720 2741 780 auctor
2759 741 2777 793 3

538 845 845 930 graviora,
899 844 1155 928 opinor,
1207 843 1264 908 ei
1315 842 1440 907 visa
1488 847 1634 906 sunt
1682 847 2037 926 argumenta
2085 864 2239 926 quae
2272 863 2346 906 ex
2398 843 2545 928 ipsis
2579 842 2782 929 legum

539 972 782 1058 placitis
849 971 1090 1049 hausit,
1159 993 1349 1054 quae,
1409 991 1551 1033 cum
1623 991 1692 1032 60
1760 991 2107 1054 progressus
2180 969 2351 1033 fuero
2416 975 2486 1034 ut
2534 971 2608 1034 de
2650 971 2784 1055 jure

538 1099 775 1186 privato
823 1097 1328 1184 Salpensanorum
1383 1119 1559 1181 agam
1607 1095 1903 1180 attingere
1952 1102 2013 1160 et
2061 1095 2391 1180 dijudicare
2422 1097 2592 1162 libet.

726 1227 1064 1291 Authentia
1111 1224 1456 1290 tabularum
1505 1222 1785 1301 defensa,
1836 1222 1951 1287 hoc
1984 1223 2120 1287 loco
2150 1223 2449 1288 nonnulla
2478 1227 2781 1310 generalia

532 1355 791 1418 inserere
833 1354 1010 1438 juvat
1059 1354 1134 1418 de
1183 1351 1333 1437 ipsis
1382 1351 1619 1437 legibus
1642 1399 1661 1429 ,
1712 1350 1787 1415 de
1819 1355 2037 1415 natura
2078 1373 2283 1416 earum
2312 1375 2381 1416 ac
2414 1352 2489 1418 de
2513 1359 2785 1440 tempore

541 1503 662 1566 quo
711 1480 865 1544 latae
915 1486 1077 1544 sunt.

724 1610 956 1672 Auctor
1003 1607 1209 1692 legum
1257 1607 1411 1684 fuit,
1463 1605 1558 1669 uti
1606 1605 1803 1668 obiter
1847 1605 1975 1688 jam
2023 1605 2273 1686 monui,
2328 1627 2782 1674 THUS-FLAvms

537 1755 927 1800 n0M1r1Aan
975 1754 1342 1799 vnsrasmm
1388 1733 1549 1796 filius
1599 1733 1706 1817 qui
1754 1755 1913 1796 anno
1953 1735 2035 1798 81
2088 1741 2227 1818 post
2254 1733 2321 1798 G.
2350 1757 2412 1798 n.
2465 1737 2533 1799 in
2581 1736 2787 1802 locum

536 1863 738 1928 fratris
785 1883 916 1946 'rrtpr
963 1859 1358 1945 Imperatoris
1408 1860 1725 1936 successit3
1778 1881 1970 1942 quum
2019 1866 2219 1924 autem
2267 1863 2449 1926 variis
2483 1862 2633 1928 locis
2660 1870 2785 1928 tam

535 1991 606 2054 in
683 1989 818 2074 lege
883 1987 1244 2052 Malacitana
1305 2009 1488 2071 quam
1563 1985 1930 2071 Salpensana
2002 1986 2341 2071 Imperator
2394 2010 2783 2056 DOMITIANUS

525 2117 700 2181 vivus
750 2121 1114 2180 memoretur
1156 2113 1196 2198 ¹)
1246 2120 1502 2178 aetatem
1553 2112 1756 2198 legum.
1801 2111 2247 2196 quodammodo
2306 2115 2553 2181 definire
2602 2116 2769 2197 licet3

538 2245 683 2310 inde
757 2245 917 2309 enim
992 2244 1266 2328 sequitur
1341 2243 1503 2328 leges
1552 2242 1707 2307 latas
1776 2264 1906 2306 esse
1970 2243 2129 2306 inter
2193 2265 2421 2308 annum
2491 2248 2572 2311 81
2626 2269 2782 2331 quc,

533 2395 740 2437 mense
788 2371 1160 2456 Septembri,
1213 2370 1535 2456 imperium
1587 2370 1856 2454 suscepit
1902 2389 2287 2436 DOMITIANUS
2320 2381 2379 2436 et
2428 2395 2659 2438 annum
2696 2378 2782 2438 96

536 2523 659 2585 quo
708 2499 940 2562 occisus
990 2504 1110 2578 est3
1172 2498 1510 2562 accuratius
1560 2504 1763 2562 tamen
1814 2499 1889 2562 de
1936 2504 2209 2583 tempore
2266 2506 2529 2566 statuere
2576 2474 2790 2588 possu-

535 2652 710 2706 111115,
781 2650 922 2691 nam
985 2627 1238 2691 ineunte
1313 2650 1472 2690 anno
1528 2629 1613 2690 84
1662 2627 2002 2712 Imperator
2051 2650 2386 2713 cognomen
2438 2630 2788 2698 Germanici

538 2756 807 2840 accepit,
861 2776 985 2839 quo
1035 2756 1088 2818 si
1134 2753 1250 2817 iam
1302 2775 1449 2817 usus
1498 2753 1712 2817 fuisset
1760 2760 2030 2839 tempore
2080 2777 2200 2838 quo
2250 2756 2362 2819 hae
2418 2756 2581 2842 leges
2628 2760 2787 2825 latae

537 2887 684 2945 sunt
750 2879 964 2967 procul
1028 2879 1214 2945 dubio
1281 2880 1508 2944 mentio
1575 2881 1703 2944 eius
1751 2880 1814 2944 in
1864 2858 2089 2944 tabulis
2138 2891 2493 2948 occurreret.
2591 2887 2791 2971 Igitur

536 3007 700 3093 leges
750 3006 900 3071 latas
949 3030 1072 3073 6556
1121 3008 1280 3072 inter
1332 3030 1526 3072 annos
1580 3012 1660 3071 81
1718 3014 1779 3073 et
1830 3010 1919 3072 84
1972 3008 2293 3074 verisimile
2326 3019 2433 3076 est.
2474 3012 2788 3081 Hactenus

537 3136 932 3201 consentiunt
981 3158 1193 3200 omnes
1255 3136 1611 3220 interpretes
1643 3136 1709 3219 2).
2362 3218 2366 3226 .

729 3262 1062 3325 MOMMSEN
1113 3284 1250 3325 vero
1300 3262 1581 3325 nondum
1632 3262 1747 3325 hoc
1797 3268 2016 3327 eventu
2066 3270 2391 3330 contentus
2440 3269 2637 3353 ipsum
2686 3294 2791 3335 an-

540 3411 687 3452 num
739 3388 987 3453 definire
1037 3394 1290 3453 conatus
1341 3395 1432 3453 est
1479 3411 1676 3473 neque
1702 3395 1902 3454 tamen
1929 3390 2055 3454 eius
2081 3392 2485 3477 disputationi
2513 3398 2790 3463 assentiri

537 3538 800 3602 possum.
901 3519 1168 3596 Auctor,
1223 3524 1542 3603 postquam
1594 3519 1811 3582 statuit
1862 3518 2028 3603 leges
2077 3526 2215 3584 ante
2264 3545 2491 3587 annum
2529 3528 2610 3589 81
2648 3526 2791 3591 ferri

539 3666 666 3708 11011
714 3645 1016 3730 potuisse,
1085 3644 1284 3709 addit:
1337 3644 1551 3723 „Oder
1604 3646 1725 3731 (die
1773 3646 1995 3711 beiden
2042 3647 2381 3713 Urkunden
2432 3652 2591 3737 sind)
2642 3653 2789 3717 viel·

691 3921 728 3983 ¹)
796 3922 856 3970 In
892 3922 996 3985 lege
1031 3924 1146 3974 Mal.
1185 3925 1303 3989 Cap.
1341 3925 1436 3983 59,
1474 3925 1524 3973 in
1560 3925 1665 3989 lege
1700 3925 1827 3989 Salp.
1866 3924 1985 3991 Cap.
2022 3927 2113 3985 24,
2153 3928 2244 3984 25,
2282 3930 2363 3979 26.

685 4004 725 4063 2)
795 4006 993 4056 Praeter
1028 4007 1088 4056 cl.
1125 4022 1377 4059 nomiman
1411 4010 1461 4058 in
1500 4026 1575 4073 op.
1610 4011 1641 4059 Ζ.
1677 4026 1723 4074 p.
1764 4010 1893 4069 389,
1949 4011 2063 4060 390.
2100 4025 2406 4062 1130011111
2439 4016 2490 4063 in
2526 4032 2600 4080 op.
2634 4020 2667 4068 Z.
2691 4034 2737 4082 p.
2762 4022 2791 4069 6

546 4102 744 4139 elnam)
779 4106 854 4153 op.
889 4092 922 4141 l.
959 4108 1008 4156 p.
1047 4093 1137 4151 25,
1178 4095 1258 4144 26.
1329 4095 1402 4145 cf.
1439 4096 1583 4144 etiam
1620 4094 1678 4143 cl.
1718 4108 1973 4145 mncxsmt
2016 4096 2067 4145 in
2104 4097 2422 4163 disputatione
2464 4116 2585 4164 quae
2621 4108 2790 4155 exstat.

544 4176 593 4223 in
649 4173 828 4239 Opere:
878 4177 1246 4242 Abhandlunqen
1299 4180 1384 4228 der
1438 4180 1747 4243 Kc'iniqlicleen
1803 4181 2051 4229 Academie
2093 4183 2179 4231 der
2236 4183 2625 4249 Wissenschasten
2678 4191 2795 4239 anni

543 4258 697 4308 1856.
732 4258 945 4309 'situlum
980 4278 1095 4327 prae
1130 4278 1180 4312 se
1215 4264 1333 4313 ferte
1369 4264 1462 4312 Ein
1495 4264 1694 4327 Beitraq
1728 4280 1813 4313 zur
1847 4264 2121 4331 Aualequny
2153 4268 2238 4316 der
2272 4269 2660 4334 epiqraplciscken
2709 4275 2797 4324 Ur-

541 4343 699 4393 kunde
744 4344 874 4395 einer
921 4347 1338 4413 Stddte-Ordnunq
1384 4350 1470 4398 der
1518 4349 1816 4399 Latinz'scben
1860 4349 2281 4417 Burqerqemeinde
2322 4371 2382 4403 zu
2417 4356 2643 4417 Salpensa
2678 4358 2797 4412 ibid.

546 4446 598 4493 p.
635 4428 751 4479 680.
