3027 5263
1348 615 1426 676 21

259 808 534 896 alioquin
581 811 824 897 saepius
873 810 1214 896 municipes
1263 809 1525 874 Romani
1579 810 1897 876 memorati
1945 815 2141 876 essent
2194 812 2360 897 quod
2416 818 2501 878 ta·

254 959 399 1002 men
439 959 773 1025 nusquam,
822 945 1121 1024 quantum
1169 937 1450 1023 equidem
1499 935 1662 1016 scio,
1711 937 1941 1002 factum
1990 946 2099 1003 est.
2149 938 2355 1025 Igitur
2393 939 2503 1006 ubi

254 1071 584 1129 occurrunt
621 1066 960 1151 municipes
1009 1064 1339 1130 Tusculani
1390 1088 1446 1129 v.
1487 1088 1548 1151 g.
1598 1064 1721 1128 sive
1770 1063 2045 1129 Amerini
2094 1064 2223 1130 sive
2254 1065 2506 1132 Malaci-

254 1191 387 1254 tani
437 1191 550 1256 hac
580 1213 725 1258 voce
766 1193 926 1257 cives
973 1192 1217 1257 illorum
1265 1191 1741 1277 municipiorum
1786 1190 2136 1276 designatos
2170 1214 2297 1258 esse
2328 1199 2501 1279 puto.

445 1317 712 1384 Sublatis
789 1320 998 1404 itaque
1067 1342 1222 1405 quae
1295 1318 1484 1384 dubia
1554 1337 1813 1383 nummo
1880 1318 2280 1399 videbantur,
2360 1327 2502 1407 post

256 1441 487 1508 bellum
534 1443 831 1510 Latinum
877 1445 1212 1530 municipia
1259 1444 1553 1508 nonnulla
1601 1445 1847 1508 civitate
1892 1444 2168 1510 Romana
2206 1445 2335 1512 sine
2384 1448 2507 1514 suf-

251 1567 449 1654 fragio
523 1593 633 1636 usa
699 1582 829 1635 'esse
903 1576 1163 1636 statuere
1214 1571 1376 1635 licet.
1473 1570 1770 1635 Definitio
1835 1570 2187 1636 huiusmodi
2251 1573 2511 1640 civitatis

252 1696 528 1760 occurrit
577 1697 740 1782 apud
787 1717 1028 1762 rnsruu
1076 1696 1121 1761 l.
1159 1696 1238 1776 1.;
1291 1696 1382 1761 ibi
1421 1715 1739 1760 susumus
1770 1696 1961 1761 fertur
1992 1696 2246 1765 dixisse:
2282 1701 2509 1778 „initio

249 1821 475 1900 fuisse,
553 1823 660 1908 qui
733 1845 803 1888 ea
879 1824 1236 1888 condicione
1314 1824 1476 1887 cives
1533 1822 1796 1888 Romani
1844 1823 2107 1890 fuissent
2156 1833 2225 1890 ut
2272 1849 2511 1914 semper

249 1949 690 2036 rempublicam
739 1957 1072 2036 separatam
1125 1973 1160 2016 a
1207 1949 1436 2036 populo
1485 1949 1765 2014 Romano
1813 1950 2141 2031 haberent,
2191 1951 2504 2021 Cumanos

251 2077 575 2155 videlicet,
626 2077 999 2155 Acerranos,
1049 2076 1398 2154 Atellanos,
1447 2077 1557 2161 qui
1606 2099 1793 2162 aeque
1843 2078 2001 2143 cives
2040 2079 2301 2146 Romani
2334 2089 2507 2148 erant

255 2209 318 2269 et
366 2204 435 2267 in
481 2202 722 2289 legione
770 2203 1079 2269 merebant
1125 2204 1230 2268 sed
1279 2183 1611 2288 dignitates
1657 2226 1781 2268 non
1816 2204 2194 2291 capiebant.’'
2250 2207 2503 2276 Constat

257 2329 416 2394 hanc
473 2331 891 2396 definitionem
939 2331 1240 2417 pertinere
1288 2331 1365 2394 ad
1420 2335 1661 2416 tempus
1708 2338 1848 2417 post
1893 2331 2125 2398 bellum
2172 2333 2503 2417 Latinum,

253 2479 400 2522 nam
471 2478 708 2522 munus
771 2457 880 2544 qui
945 2458 1020 2522 de
1083 2458 1381 2544 superiori
1443 2464 1715 2543 tempore
1780 2459 2025 2545 scripsit
2086 2460 2393 2528 Cumanos
2442 2471 2503 2530 et

256 2584 600 2650 Acerranos
649 2584 808 2651 inter
857 2607 927 2650 ea
973 2585 1306 2671 municipia
1353 2591 1624 2651 recenset
1670 2605 1825 2671 quae
1865 2608 1991 2653 non
2024 2587 2333 2655 habebant
2363 2591 2505 2658 civi-

251 2718 479 2779 tatem:
547 2719 815 2778 ceterum
887 2712 1193 2778 Cumanos
1241 2714 1449 2779 statim
1497 2718 1635 2798 post
1684 2712 1911 2779 bellum
1950 2715 2285 2797 Latinum,
2317 2719 2500 2785 Acer-

243 2864 430 2906 ranos
499 2841 685 2927 paulo
732 2848 871 2926 post
919 2841 1229 2905 civitatem
1277 2841 1409 2905 sine
1462 2840 1755 2926 suffragio
1805 2850 2159 2908 consecutos
2206 2868 2339 2911 esse
2373 2847 2501 2932 jam

244 2991 326 3032 ex
373 2987 543 3032 L1v10
597 2970 687 3053 (8.
759 2970 888 3048 142,
921 2968 1034 3053 17)
1089 2967 1505 3053 cognovimus,
1556 2966 1708 3031 Jure
1757 2966 2026 3053 suffragii
2084 2977 2147 3033 et
2194 2970 2494 3039 honorum

245 3094 320 3160 hi
368 3094 533 3158 cives
585 3094 865 3159 destituti
916 3099 1100 3171 sunt;
1150 3094 1215 3157 in
1240 3094 1455 3157 ceteris
1481 3094 1953 3179 aequiparantur
1984 3096 2219 3161 civibus
2254 3099 2490 3185 optimo

235 3222 422 3308 ιῙιιιέις
471 3221 910 3287 attendendum
951 3228 1154 3286 tamen
1203 3222 1280 3285 ad
1326 3243 1581 3308 parvum
1629 3220 1957 3287 discrimen
2003 3225 2239 3292 ratione
2285 3249 2496 3297 mune-

239 3350 330 3414 ris
377 3349 654 3413 militaris
671 3374 692 3427 3
737 3372 877 3414 cum
929 3350 1094 3413 enim
1145 3350 1305 3415 cives
1353 3350 1587 3435 optimo
1629 3349 1764 3435 jure
1812 3349 2147 3417 militarent
2193 3354 2259 3418 in
2308 3356 2496 3444 legio·

177 3473 186 3479 ’
238 3476 434 3541 nibus
488 3477 776 3543 Romanis
798 3527 819 3558 ,
870 3477 1028 3541 cives
1075 3478 1206 3542 sine
1255 3477 1543 3563 suffragio
1587 3478 1862 3564 proprias
1910 3478 2026 3544 sibi
2074 3480 2343 3567 legiones
2390 3484 2496 3550 ha·

239 3602 474 3669 bebant
513 3604 556 3690 ¹)
579 3651 600 3682 ‚
678 3627 866 3689 quare
937 3604 1015 3669 ad
1089 3605 1206 3670 hoc
1275 3627 1519 3691 quoque
1564 3625 1900 3671 snuvmuu
1946 3606 2013 3671 in
2060 3607 2414 3675 definitione
2445 3612 2496 3698 2)

239 3735 546 3818 spectasse
594 3737 766 3818 put0.

435 3860 670 3945 Operae
741 3860 1008 3945 pretium
1057 3866 1146 3925 est
1193 3860 1669 3926 animadvertere
1717 3880 2055 3927 smmum
2100 3862 2178 3927 iis
2228 3866 2490 3932 munici-

237 3985 430 4074 pibus
486 3985 824 4051 adscribere
868 3986 1304 4073 rempublicam
1355 4010 1592 4075 semper
1640 3988 1963 4076 separatim
2010 4012 2046 4055 a
2093 3991 2321 4079 populo
2370 3993 2491 4060 Ro·

389 4322 426 4384 1)
495 4321 569 4372 cf.
603 4335 795 4383 mum,
865 4324 1334 4391 Realencyolopedie,
1389 4342 1439 4393 p.
1473 4327 1575 4377 220
1591 4366 1606 4389 ,
1662 4326 1867 4380 addatur
1920 4342 2202 4390 nonnus,
2254 4331 2305 4380 iu
2342 4330 2501 4397 Opere

237 4406 488 4461 Rb'miscke
525 4406 720 4467 Tribus,
757 4408 964 4459 Altonae
1004 4411 1152 4460 1844.
1187 4426 1237 4476 p.
1273 4412 1400 4472 158,
1440 4412 1557 4464 159.

389 4492 430 4555 2)
497 4492 558 4542 In
593 4492 750 4544 verbis
785 4494 991 4546 sciliceta
1031 4498 1112 4555 „et
1146 4495 1196 4545 in
1232 4495 1418 4561 legione
1452 4497 1748 4549 merebant.”
