3027 5263
1644 552 1772 614 164

578 774 716 817 vom
767 748 1292 815 Staatssehuldner
1341 746 1674 833 gebraueht
1721 746 1864 811 wird
1914 746 2024 811 auf
2068 747 2279 811 dessen
2330 746 2676 833 Vermiigen
2719 748 2815 813 be-

576 877 801 943 zieht.''
899 877 1151 955 Melius,
1203 875 1454 962 opinor,
1507 876 1656 939 haee
1705 875 2041 939 observatio
2090 876 2306 939 omissa
2354 875 2604 954 fuisset,
2652 885 2816 961 post·

573 1028 756 1092 quam
805 1006 870 1070 in
919 1006 1050 1091 lege
1101 1003 1470 1069 Malaeitana
1522 1003 1724 1067 omnia
1758 1004 2007 1067 omnino
2042 1003 2200 1067 bona
2241 1004 2529 1089 praedum
2564 1004 2817 1069 totidem

573 1134 771 1199 verbis
821 1132 1088 1219 obligata
1137 1133 1443 1197 dicuntur.
1546 1131 1731 1195 Hisce
1786 1132 2209 1216 praemonitiS‚
2278 1132 2511 1195 auctori
2562 1132 2674 1216 qui
2740 1132 2819 1195 ita

1390 1260 1430 1288 n
2571 1260 2649 1289 ’555
2713 1261 2726 1272 ²

573 1263 786 1327 vertit:
840 1284 1054 1340 „„rem
1121 1260 1388 1345 obligare
1498 1259 1851 1324 bezeichnet
1910 1260 2062 1338 „das
2136 1260 2564 1344 Verpfanden,
2707 1261 2821 1345 ipsi

572 1391 972 1467 sententiam,
1025 1411 1203 1473 quam
1262 1386 1591 1473 protulerit
1648 1408 2010 1465 menonem
2057 1388 2262 1473 potius
2309 1386 2596 1451 tuendam
2632 1388 2821 1454 fuisse

574 1518 814 1603 opinor.

755 1644 1058 1729 Equidem
1109 1644 1184 1708 ad
1219 1648 1442 1708 certam
1470 1642 1625 1728 juris
1674 1642 1871 1707 civilis
1918 1642 2308 1727 obligationis
2358 1642 2616 1727 speeiem
2655 1668 2821 1729 prae·

567 1773 714 1837 dum
765 1794 1096 1857 eorumque
1146 1771 1440 1836 bonorum
1481 1770 1915 1855 obligationem
1966 1769 2170 1834 referri
2220 1792 2343 1834 non
2392 1794 2571 1855 posse
2625 1780 2815 1857 pute,

568 1900 841 1985 quamvis
905 1922 1106 1963 revera
1181 1898 1376 1963 verbis
1439 1899 1547 1962 illa
1598 1898 1892 1983 obligatio
1952 1900 2380 1976 contrahatur3
2433 1899 2559 1963 imo
2608 1903 2817 1985 potius

569 2027 644 2090 ad
695 2026 1132 2113 pignorationis
1183 2026 1444 2111 speeiem
1494 2048 1625 2089 eam
1676 2026 1953 2089 accedere
2002 2048 2250 2102 censen,
2288 2026 2431 2089 licet
2455 2048 2662 2090 revera
2701 2050 2819 2092 non

565 2156 647 2219 sit
691 2155 789 2239 jus
841 2154 1134 2239 pignoris;
1171 2175 1367 2238 neque
1421 2176 1787 2239 quemquam
1848 2152 1952 2217 illa
1999 2153 2340 2238 generalior
2390 2153 2639 2217 dicendi
2669 2156 2820 2219 ratio

565 2283 863 2359 offendat,
923 2282 1102 2345 modo
1135 2304 1334 2346 seeum
1372 2290 1649 2366 reputare
1692 2280 1841 2345 velit
1876 2280 1941 2344 in
1975 2281 2212 2366 praedis
2247 2280 2623 2367 obligatione
2656 2285 2820 2349 bono-

563 2435 688 2476 rum
738 2410 1172 2497 obligationem
1225 2410 1464 2473 disertis
1516 2408 1715 2473 verbis
1766 2410 2026 2495 pressius
2078 2408 2353 2475 indicari.

652 2924 689 3001 ξ
731 2922 792 2990 3.
872 2925 961 2984 De
1001 2923 1454 3002 subsignatione
1494 2923 1883 3001 praediorum
1924 2939 2251 3000 eorumque
2298 2921 2744 3001 cognitoribus.

746 3185 947 3276 Verbo
989 3185 1116 3270 jam
1182 3187 1390 3250 monui
1459 3186 1830 3271 reipublicae
1898 3186 2220 3270 praedibus
2279 3208 2349 3250 ae
2398 3186 2673 3272 praediis
2728 3211 2820 3252 ea-

559 3313 722 3393 veri,
763 3336 854 3384 ,ne
905 3321 1105 3377 tamen
1156 3318 1470 3398 propterea
1522 3313 1663 3397 quis
1715 3319 1893 3398 putet
1942 3313 2007 3376 in
2056 3311 2339 3380 omnibus
2391 3313 2634 3393 causiS‚
2690 3316 2825 3400 qui·

555 3439 669 3504 bus
722 3439 972 3526 praedes
1025 3439 1279 3520 dentur,
1333 3440 1599 3525 praediis
1649 3463 1892 3526 quoque
1941 3440 2160 3504 caveri.

745 3569 822 3632 In
874 3569 1005 3654 lege
1055 3568 1256 3632 Acilia
1306 3569 1465 3633 enim
1521 3568 1662 3632 solis
1711 3567 2035 3654 praedibus
2087 3573 2254 3632 cavet
2302 3567 2355 3630 is
2390 3569 2497 3652 qui
2535 3577 2825 3654 repetun-

554 3697 767 3761 darum
839 3696 1282 3761 condemnatus
1355 3705 1441 3760 est
1488 3697 1567 3780 ¹);
1635 3697 1777 3760 item
1832 3717 2092 3761 omnus
2166 3703 2371 3760 narrat
2421 3697 2574 3762 Lue.
2632 3699 2827 3785 Scipi-

549 3847 725 3890 onem
801 3826 1036 3889 iussum
1103 3847 1232 3888 esse
1305 3825 1555 3909 praedes
1622 3824 1799 3903 dare,
1872 3846 2072 3908 neque
2135 3823 2219 3888 ibi
2290 3823 2686 3910 praediorum
2759 3828 2828 3891 fit.

553 3953 785 4018 mentio
819 3951 911 4036 2);
981 3953 1176 4038 magis
1248 3952 1396 4016 facit
1467 3957 1671 4016 tamen
1746 3951 1821 4016 ad
1896 3952 2190 4017 rationem
2268 3953 2828 4040 necessitatemque

545 4079 939 4168 praediorum
991 4080 1471 4166 cognoscendam
1522 4079 1619 4144 lex
1655 4078 2026 4145 Malaeitana
2052 4129 2071 4159 ,
2123 4101 2275 4166 quae
2309 4078 2525 4159 docet,
2562 4083 2826 4166 quando

701 4397 735 4460 ι)
808 4395 925 4444 Vide
961 4395 1118 4460 Caput
1156 4394 1217 4448 17
1257 4396 1374 4462 legis
1413 4397 1537 4463 apud
1574 4409 1697 4446 zur,
1736 4397 1843 4446 Del.
1881 4399 2031 4447 Inscr.
2072 4413 2149 4446 no,
2178 4392 2324 4448 1679.

692 4483 730 4548 2)
803 4481 922 4532 Vide
956 4487 1084 4532 auct.
1123 4484 1258 4535 Noct.
1296 4485 1402 4534 Alc.
1438 4483 1545 4534 Lib.
1584 4482 1629 4534 7.
1669 4483 1783 4550 Cap.
1825 4483 1903 4536 19.
