3027 5263
1334 535 1366 596 7

421 731 626 817 Vulgo
693 729 991 816 putabant
1039 751 1141 794 eos
1188 728 1296 814 qui
1344 749 1627 793 nummos
1678 728 1771 793 vel
1820 727 2246 816 inscriptiones
2292 732 2479 796 confi-

229 883 365 926 cere
413 860 674 924 solerent
731 859 867 923 ideo
924 857 1136 922 fecisse
1187 861 1255 920 ut
1303 855 1448 920 inde
1494 855 1736 920 lucrum
1782 855 2199 942 perciperent;
2252 879 2473 944 magno

226 989 433 1076 pretio
481 989 641 1052 enim
702 984 1028 1063 venibant3
1080 989 1449 1071 quantopere
1497 989 1701 1048 autem
1752 984 1955 1048 differt
2003 983 2076 1049 ab
2128 984 2251 1049 illis
2295 985 2475 1052 fabri-

225 1124 398 1184 cator
444 1117 659 1180 harum
708 1112 1090 1182 tabularum!
1188 1112 1378 1176 Nulla
1424 1135 1529 1197 spe
1577 1111 1732 1176 lucri
1780 1111 2004 1176 ductus
2046 1111 2285 1178 tabulas
2326 1135 2471 1198 qua·

224 1267 368 1310 rum
437 1265 738 1332 magnum
797 1241 916 1305 fuit
972 1262 1115 1305 sane
1179 1241 1478 1325 pretium,
1555 1239 1959 1304 conficiendas
2005 1249 2212 1319 curat,
2287 1242 2473 1327 idque

223 1370 686 1448 tantummodo,
764 1375 834 1434 ut
883 1367 1134 1432 extollat
1175 1367 1311 1452 jura
1358 1365 1722 1451 reipublicae
1786 1389 1969 1444 suae3
2034 1366 2216 1432 simul
2273 1374 2475 1434 tamen

220 1501 289 1565 id
339 1499 488 1564 facit
535 1519 657 1583 quo
703 1517 1020 1579 nunquam
1067 1493 1323 1558 fortasse
1356 1493 1679 1557 consilinm
1711 1514 1889 1557 suum
1916 1500 2299 1578 assequatur,
2330 1517 2469 1562 nam

217 1626 549 1693 abscondit
595 1624 662 1688 in
711 1622 845 1686 loco
895 1618 1001 1684 ubi
1066 1642 1173 1704 per
1238 1619 1392 1696 tria,
1469 1619 1802 1684 secundum
1852 1624 2192 1699 auctorem,
2270 1622 2475 1687 secula

219 1752 542 1820 recondita
611 1770 851 1814 manere
924 1746 1201 1833 possint,
1276 1745 1385 1810 ubi
1451 1767 1531 1810 ne
1606 1746 1720 1810 hoc
1770 1746 2017 1831 quidem
2066 1753 2334 1834 tempore
2382 1749 2473 1814 in-

220 1886 439 1945 ventae
487 1877 743 1943 fuissent
790 1873 910 1938 nisi
959 1871 1212 1936 fortuito
1259 1871 1608 1936 accidisset!

412 2006 520 2071 Dr.
568 2023 774 2068 ASHER.
819 2024 890 2066 eo
939 2021 1286 2087 progressus
1335 2009 1426 2064 est
1473 2005 1545 2063 ut
1594 2004 1834 2084 tempus
1883 1999 2164 2065 definiret
2212 2024 2335 2087 qno
2382 2010 2471 2068 ta-

217 2133 402 2201 bulae
450 2137 648 2198 essent
694 2128 1058 2206 fabricatae3
1127 2127 1277 2192 dicit
1323 2127 1485 2192 enim
1521 2128 1593 2212 ¹):
1669 2126 1768 2190 On
1817 2133 1965 2212 peut
2014 2127 2275 2195 affirmet
2323 2152 2467 2196 avec

218 2285 384 2328 assez
442 2261 518 2326 de
579 2257 876 2324 certitudo
947 2279 1068 2342 que
1137 2253 1227 2320 les
1300 2253 1521 2320 Tables
1580 2260 1689 2319 ont
1744 2252 1845 2318 ete
1900 2251 2240 2340 fabriquees
2297 2265 2467 2324 entre

223 2391 404 2455 1530
457 2393 519 2452 et
571 2382 814 2450 1560.”

408 2515 504 2580 De
576 2513 690 2578 hac
736 2535 802 2577 re
873 2533 944 2576 eo
1009 2509 1227 2575 certior
1296 2509 1490 2574 factus
1563 2514 1655 2573 est
1726 2507 1889 2593 quod
1938 2507 2014 2574 ab
2072 2531 2231 2575 anno
2286 2514 2463 2579 1530

215 2644 517 2731 imprimis
563 2640 826 2707 invaluit
874 2662 1006 2705 mos
1057 2638 1565 2704 conficiendarum
1614 2637 2127 2723 inscriptionum3
2176 2640 2325 2705 huic
2372 2664 2467 2707 as-

217 2770 579 2839 severationi
625 2776 828 2833 tamen
876 2766 1074 2832 omnis
1118 2768 1208 2853 vis
1258 2766 1480 2843 deerit,
1534 2766 1586 2829 si
1633 2764 2041 2851 suspicionem
2089 2766 2219 2831 eius
2267 2790 2341 2833 ex
2374 2792 2463 2835 ar-

217 2903 510 2988 gumento
562 2898 840 2961 haustam
888 2894 1251 2979 redarguero
1299 2892 1464 2977 quod
1511 2914 1621 2955 suo
1666 2891 1803 2955 loco
1859 2894 1990 2957 fiet.

405 3025 559 3090 Post
611 3024 785 3087 1570
839 3026 1231 3085 monumenta
1279 3041 1405 3083 non
1455 3040 1584 3082 esse
1634 3016 1907 3082 confecta
1956 3021 2271 3085 contendit
2316 3024 2463 3107 quia

216 3152 556 3238 Ulpianum
605 3172 733 3213 non
772 3148 943 3213 novit
991 3155 1238 3225 auctor,
1288 3146 1466 3210 cuius
1515 3144 1855 3231 fragmenta
1886 3167 2046 3209 anno
2077 3149 2253 3211 1549
2292 3158 2463 3215 erant

215 3279 544 3372 publicata.
595 3276 774 3362 Nego
800 3275 1271 3361 propositionem
1305 3296 1504 3337 veram
1538 3296 1698 3352 esse3
1736 3295 1861 3337 non
1887 3279 1977 3337 est
1998 3274 2255 3360 probata
2263 3304 2282 3357 3
2318 3300 2463 3343 cum

217 3432 287 3474 ea
336 3428 578 3493 quoque
629 3403 932 3469 conclusio
983 3402 1228 3468 corruit.
1278 3402 1643 3467 Methodum
1676 3401 1942 3487 denique
1989 3402 2215 3468 falsarii
2264 3406 2453 3473 fuisse

217 3534 534 3602 contendit
595 3532 1159 3617 interpolationem3
1230 3529 1444 3615 capitis
1497 3532 1580 3592 29
1641 3528 1792 3615 legis
1847 3529 2011 3614 Salp.
2072 3529 2252 3596 verba
2307 3556 2457 3599 non-

215 3660 387 3727 nulla
434 3660 676 3745 signum
725 3658 1076 3723 authentiae
1125 3678 1268 3742 prae
1317 3678 1378 3719 se
1427 3655 1666 3734 ferunt3
1719 3654 2017 3719 nonnulla
2047 3663 2191 3721 sunt
2224 3659 2452 3743 spuria.

217 3788 381 3853 Huic
429 3785 854 3851 asseverationi
902 3790 1139 3847 tantum
1192 3782 1307 3846 hoc
1355 3803 1661 3867 opponere
1693 3780 1836 3844 licet
1883 3803 1980 3845 me
2013 3781 2163 3846 adeo
2198 3785 2459 3869 peritum

216 3936 344 3980 non
424 3934 548 3977 esse
620 3918 692 3975 ut
761 3911 862 3975 illa
913 3908 1274 3974 contendere
1323 3908 1576 3973 audeam
1624 3929 1823 3992 neque
1868 3908 2033 3973 idem
2082 3910 2275 3976 facere
2324 3914 2459 3979 ausi

213 4048 358 4107 sunt
427 4042 792 4118 MOMMSEN,
861 4056 1194 4116 Dtncxsnu,
1247 4058 1539 4103 nunoarr
1603 4043 1663 4102 et
1713 4036 1817 4101 alii
1880 4037 2165 4105 scientiae
2222 4042 2459 4127 epigra-

216 4170 431 4257 phicae
479 4167 851 4255 peritissimi.

363 4458 398 4519 ¹)
467 4456 526 4508 P.
564 4454 686 4515 127,
725 4454 1165 4505 Commentationis.
