3027 5263
1620 543 1702 603 52

535 737 747 823 Capite
814 740 921 800 24.
1021 734 1176 798 Cum
1227 735 1392 798 enim
1441 736 1507 798 in
1558 735 1665 798 illa
1715 734 1863 820 legis
1914 741 2081 820 parte
2130 735 2387 800 totidem
2436 737 2639 801 verbis
2690 760 2797 804 ca-

532 870 744 929 veatur
791 862 1161 948 praefectum
1209 861 1429 938 IIviri,
1480 861 1589 946 qui
1638 866 1876 925 tantum
1927 861 2031 925 illo
2078 861 2326 926 absente
2359 885 2613 926 munere
2648 864 2794 928 eius

533 993 856 1077 fungatur,
910 990 1221 1054 civitatem
1269 1012 1394 1052 non
1444 996 1909 1053 consecuturum
1962 1011 2126 1067 esse,
2180 1011 2255 1054 ex
2306 989 2521 1074 Capite
2574 995 2664 1054 24
2700 1013 2795 1054 se·

535 1121 746 1205 quitur
795 1119 1166 1204 praefectum
1219 1117 1511 1192 CaesariS,
1567 1116 1673 1200 qui
1722 1138 1827 1200 per
1868 1139 2046 1180 omne
2096 1117 2339 1180 honoris
2370 1121 2616 1200 tempus
2650 1118 2793 1182 vice

536 1247 665 1312 eius
710 1245 1039 1310 IIviratum
1090 1249 1294 1330 gerat,
1343 1243 1586 1307 civitate
1634 1243 1908 1306 Romana
1942 1243 2183 1328 augeri,
2218 1265 2361 1307 nam
2394 1243 2611 1308 eodem
2644 1245 2795 1329 jure
2840 1303 2843 1306 ,

535 1374 625 1438 ibi
675 1395 802 1438 esse
850 1373 1130 1450 iubetur,
1185 1393 1308 1456 quo
1357 1376 1510 1434 esset
1556 1369 1720 1433 IIvir
1752 1369 1814 1453 ¹).

717 1502 954 1567 Deinde
1002 1521 1204 1566 zuram·
1253 1498 1681 1564 animadvertit
1731 1520 1867 1561 cum
1896 1496 1965 1560 in
1990 1503 2297 1582 postrema
2324 1497 2563 1584 Capitis
2589 1501 2792 1585 perio-

537 1628 615 1692 do
664 1627 739 1692 de
766 1625 1214 1712 magistratibus
1264 1624 1539 1689 creandis
1594 1628 1843 1708 agatur,
1904 1623 2088 1687 initio
2140 1624 2417 1689 similiter
2466 1625 2542 1690 de
2566 1625 2643 1689 iis
2668 1649 2796 1691 ere·

537 1755 712 1820 andis
761 1759 963 1818 actum
1013 1775 1172 1830 esse,
1209 1751 1375 1835 quod
1400 1750 1658 1815 libenter
1683 1749 1983 1827 conced03
2020 1750 2191 1816 addit
2214 1758 2417 1817 tamen
2443 1753 2788 1818 seeundum

539 1903 608 1946 ea
657 1903 810 1964 quae
859 1878 1102 1964 supplet
1150 1897 1490 1955 MOMMSEN‚
1545 1876 1629 1940 ibi
1680 1883 1928 1940 cautum
1976 1876 2158 1941 fuisse
2208 1877 2283 1941 de
2332 1877 2613 1942 abeundo
2663 1901 2793 1944 ma-

539 2007 800 2094 gistratu
849 2027 1054 2069 eorum
1105 2005 1178 2069 de
1226 2003 1450 2089 quibus
1499 2004 1772 2068 creandis
1806 2003 2135 2069 dicendum
2169 2004 2385 2069 fuisset
2401 2031 2419 2082 3
2468 2029 2793 2102 perperam

540 2141 744 2198 tamen
819 2133 998 2198 verba
1061 2132 1231 2197 illius
1305 2132 1687 2217 interpretari
1736 2131 1991 2196 videtur.
2086 2132 2200 2197 Ille
2249 2104 2423 2196 enim¹
2461 2156 2663 2198 revera
2716 2133 2798 2198 de

543 2262 838 2326 creatione
899 2261 1141 2325 locutus
1191 2267 1298 2322 est.
1388 2243 1742 2323 Ait-enim:
1810 2259 1986 2339 „Qui
2034 2259 2198 2323 IIvir
2248 2259 2457 2323 aedilis
2507 2267 2795 2344 quaestor

542 2389 738 2454 factus
788 2385 940 2451 erit''
991 2386 1183 2470 [quod
1231 2386 1444 2450 eodem
1493 2385 1651 2448 redit
1700 2408 1768 2448 ac
1818 2386 1868 2448 si
1918 2386 2172 2449 dixisset
2203 2387 2358 2470 „qui
2391 2387 2793 2472 magistratus

543 2516 729 2580 creati
777 2513 1017 2597 erunt”]
1071 2514 1231 2576 cives
1277 2512 1537 2577 Romani
1586 2520 1805 2592 sunt0,
1842 2511 2171 2576 dummodo
2196 2515 2507 2598 pauciores
2539 2537 2615 2579 ex
2647 2538 2793 2580 can-

545 2644 767 2708 didatis
809 2644 936 2727 jam
984 2642 1111 2705 sint
1159 2641 1318 2705 cives
1366 2663 1550 2725 quam
1600 2646 1751 2725 quot
1800 2642 2185 2726 magistratus
2235 2664 2433 2706 creare
2483 2649 2764 2728 oporteat
2776 2672 2795 2724 ς

547 2777 744 2836 cetera
814 2769 994 2833 modo
1067 2769 1575 2853 interponuntur,
1631 2775 1699 2831 ut
1761 2777 2073 2854 appareret
2135 2772 2365 2853 quando
2413 2770 2529 2833 hoc
2576 2770 2793 2836 locum

538 2898 783 2989 habeat.
833 2896 1084 2980 Itaque,
1119 2918 1215 2959 me
1241 2895 1484 2981 judice,
1520 2895 1667 2959 haee
1701 2918 1946 2979 quoque
1981 2896 2305 2961 difficultas
2336 2896 2574 2961 sublata
2600 2904 2693 2962 est
2718 2899 2792 2983 2).

725 3022 1124 3089 Restitutioni
1188 3046 1371 3107 quam
1427 3023 1750 3107 proposuit
1796 3043 2106 3087 MOMMSEN
2153 3047 2398 3110 prorsus
2448 3025 2793 3106 assentior,

545 3152 965 3237 imprimisque
1014 3156 1258 3235 propter
1307 3150 1416 3213 has
1466 3171 1709 3213 causas:

738 3278 812 3339 1⁰
859 3276 1003 3361 quia
1067 3297 1143 3339 ex
1207 3276 1323 3339 alia
1369 3276 1526 3361 legis
1577 3282 1746 3361 parte
1788 3278 1912 3361 jam
1962 3277 2245 3362 apparuit
2294 3277 2619 3363 Salpensae
2668 3302 2799 3343 ma·

545 3404 802 3490 gistratu
853 3401 1116 3489 gerendo
1166 3403 1422 3467 Latinos
1471 3402 1781 3468 civitatem
1830 3404 2156 3487 consequi,

548 3634 953 3643 mmm-—

689 3784 722 3845 ¹)
793 3784 1014 3835 Conferri
1051 3787 1260 3833 meretur
1297 3784 1354 3832 de
1391 3784 1480 3832 hae
1516 3800 1657 3833 causa
1694 3797 1927 3833 Eunoni*
1961 3784 2010 3832 in
2047 3783 2187 3846 Disp.
2228 3784 2344 3834 Crit.
2382 3799 2433 3847 p.
2470 3781 2518 3834 7.

688 3868 725 3925 2)
796 3870 946 3931 Supra
989 3868 1088 3931 jam
1140 3868 1454 3916 animadverti
1490 3868 1646 3933 ipsum
1683 3881 1851 3915 zmu’r
1886 3867 2027 3916 aliam
2062 3868 2417 3916 restitutionem
2454 3866 2694 3925 voluisse;
2731 3869 2801 3917 ita

545 3953 668 4000 enim
706 3952 863 4014 legere
898 3952 1100 3999 mavult:
1145 3951 1474 4010 „Incolarum,
1515 3954 1593 4015 qui
1629 3953 1786 4001 Latini
1822 3957 1988 4009 erunt,
2015 3952 2222 4000 comitiis
2246 3953 2367 4001 ratio
2395 3952 2556 4000 haberi
2585 3954 2799 4015 poterit,

544 4038 584 4085 si
619 4039 667 4085 in
707 4036 1021 4099 municipium
1058 4036 1272 4085 Flavium
1309 4037 1651 4101 Salpensanum
1690 4037 1893 4086 abierint
1930 4054 2036 4086 cum
2057 4038 2334 4101 parentibus
2361 4036 2644 4101 conjugibus
2665 4037 2798 4087 etc.''

545 4122 750 4170 Prorsus
787 4120 938 4170 aliena
974 4124 1086 4169 sunt
1119 4121 1236 4169 haec
1257 4123 1399 4169 verba
1422 4123 1480 4171 ab
1508 4122 1600 4170 hoe
1625 4122 1757 4181 loco,
1785 4138 1891 4171 cum
1917 4123 1964 4170 in
1991 4122 2084 4170 alia
2111 4122 2227 4187 legis
2251 4126 2411 4188 parte,
2438 4138 2534 4170 non
2561 4138 2676 4169 vero
2698 4122 2794 4171 hoc

551 4204 740 4269 Capite,
783 4205 840 4253 de
878 4206 934 4253 iis
973 4208 1166 4269 agatur,
1205 4222 1407 4269 quorum
1443 4207 1649 4255 comitiis
1685 4208 1808 4255 ratio
1844 4208 2006 4256 haberi
2046 4210 2203 4271 potest
2238 4208 2313 4255 vel
2350 4223 2463 4255 nou.
2535 4207 2801 4256 Praeterea

549 4290 675 4338 haud
711 4289 848 4338 facile
887 4290 1255 4355 intelligeretur,
1297 4307 1441 4354 quare
1465 4292 1731 4341 incolarum
1758 4293 1961 4341 comitiis
1986 4294 2107 4341 ratio
2134 4292 2389 4341 haberetur
2412 4295 2602 4341 tantum
2626 4290 2665 4339 si
2694 4307 2801 4340 cum

548 4375 830 4440 parentibus
881 4378 970 4424 etc.
1023 4376 1299 4439 Salpensam
1341 4376 1632 4439 migrarent,
1672 4378 1979 4441 caeteroquin
2016 4394 2139 4437 non;
2180 4378 2309 4441 quod
2344 4376 2387 4425 si
2425 4391 2522 4425 non
2557 4375 2800 4439 significet

550 4460 642 4509 hoc
679 4461 1086 4519 additamentum,
1124 4460 1244 4509 nihil
1281 4461 1532 4525 significat.
