3027 5263
1643 551 1725 613 80

566 754 777 813 tronus
831 750 1146 831 cooptatus
1195 744 1370 809 cuive
1417 743 1824 830 patrocinium
1872 746 2143 812 delatum
2190 749 2343 827 erit,
2390 773 2471 816 ne
2502 754 2702 840 magis
2734 753 2811 819 ob

566 896 699 939 eam
747 895 872 938 rem
898 880 1187 958 patronus
1221 869 1605 955 municipum
1639 871 1957 959 municipii
1990 874 2185 939 Flavii
2220 875 2583 943 Malacitani
2614 879 2811 945 esto.”

751 999 957 1085 Igitur
1017 998 1082 1062 in
1137 1003 1392 1082 patrono
1441 996 1719 1082 eligendo
1766 998 1922 1062 nihil
1970 1000 2303 1087 quidquam
2354 1003 2595 1070 efficere
2643 1012 2807 1090 pote·

561 1133 657 1191 rat
702 1126 771 1191 Π
817 1126 941 1202 vir,
987 1124 1108 1188 nisi
1157 1123 1558 1187 consensisset
1605 1123 1772 1188 ord0.

749 1252 1145 1317 Memoranda
1194 1257 1422 1314 restant
1485 1250 1713 1335 placita
1762 1248 1997 1337 Capitis
2062 1256 2144 1317 29
2198 1254 2351 1340 legis
2398 1257 2805 1342 Salpensanae

562 1389 620 1446 et
655 1380 886 1465 Capitis
922 1382 1005 1442 64
1033 1377 1186 1463 legis
1210 1376 1615 1441 Malaeitanae
1649 1399 1805 1461 quae
1830 1378 1989 1443 inter
2015 1402 2179 1459 sese,
2205 1381 2349 1447 licet
2373 1394 2803 1469 argumentum

558 1532 802 1597 prorsus
850 1507 1120 1583 differat,
1180 1504 1344 1590 quod
1393 1504 1611 1568 attinet
1659 1505 1735 1568 ad
1768 1506 2026 1571 Senatus
2069 1507 2561 1575 intercessionem
2596 1514 2807 1579 cohae-

557 1661 684 1703 rere
732 1636 1048 1711 videntum
1099 1632 1309 1697 eadem
1342 1631 1506 1695 enim
1540 1632 1773 1696 ratione
1816 1633 1962 1696 ordo
1996 1655 2058 1697 se
2093 1636 2551 1719 magistratuum
2586 1640 2804 1705 officiis

557 1789 683 1830 non
730 1762 1030 1827 immiscet
1076 1782 1146 1823 ac
1191 1781 1373 1845 snpra
1421 1758 1725 1837 vidimus3
1778 1759 2082 1844 peculiare
2146 1770 2238 1825 est
2284 1763 2400 1827 hoe
2449 1763 2585 1830 loco
2636 1767 2801 1853 quod

556 1897 798 1955 tantum
863 1888 1009 1952 ordo
1067 1885 1390 1951 intervenit
1454 1884 1507 1947 si
1574 1883 1732 1949 absit
1796 1908 1956 1951 unns
2014 1909 2088 1951 ex
2152 1888 2224 1952 Π
2271 1890 2445 1969 viris;
2493 1890 2690 1977 igitur
2734 1893 2801 1957 in

555 2018 679 2082 illis
727 2014 921 2080 causis
968 2012 1192 2099 quibus
1239 2011 1336 2075 lex
1385 2011 1629 2095 utrique
1675 2011 1745 2076 ΙΙ
1796 2011 1923 2076 viro
1973 2020 2329 2098 potestatem
2378 2017 2598 2083 tribuit
2650 2020 2803 2085 ordo

551 2143 792 2231 supplet
840 2140 1165 2207 absentiam
1216 2138 1564 2203 alterutrius
1583 2139 1650 2221 ¹).
1718 2138 1812 2202 De
1845 2146 2105 2224 utraque
2155 2164 2335 2207 causa
2383 2144 2725 2210 videamus.

737 2271 814 2335 In
889 2269 1104 2354 Capite
1157 2270 1240 2330 29
1316 2266 1466 2351 legis
1511 2265 1677 2350 Salp.
1737 2265 1811 2329 II
1859 2266 1989 2331 viro
2037 2268 2261 2332 tutoris
2310 2269 2479 2335 datio
2529 2271 2803 2359 injungi-

548 2407 649 2464 tur
661 2426 680 2477 ;
732 2419 928 2482 neque
975 2402 1179 2460 tamen
1225 2392 1388 2457 solus
1437 2398 1698 2457 tutorem
1748 2392 1889 2457 dare
1934 2399 2172 2480 potest,
2224 2396 2330 2461 sed
2362 2397 2486 2476 „de
2520 2399 2801 2464 omnium

546 2526 910 2611 collegarum
961 2522 1295 2599 sententia,
1345 2521 1472 2585 sive
1522 2543 1715 2585 unum
1750 2521 1879 2585 sive
1910 2520 2119 2607 plures
2168 2522 2431 2609 collegas
2465 2525 2713 2592 habebit
2732 2528 2801 2605 ;''

546 2677 725 2718 causa
773 2652 1018 2715 demum
1093 2649 1336 2736 cognita
1384 2649 1639 2713 tutelam
1690 2648 1920 2714 deferre
1967 2656 2185 2735 potest.
2287 2650 2497 2731 Quum
2548 2660 2799 2736 tamen,

544 2781 835 2844 alterutro
884 2801 957 2843 ex
1003 2776 1218 2842 IIviris
1264 2776 1537 2855 absente,
1592 2798 1929 2861 numquam
1961 2781 2127 2842 tutor
2160 2777 2287 2843 dari
2322 2780 2628 2864 potuisset
2676 2782 2799 2849 hoc

541 2907 695 2992 legis
744 2905 1038 2992 placitum
1087 2903 1499 2989 municipibus
1550 2902 1776 2967 multas
1840 2904 2146 2968 molestias
2196 2907 2513 2971 struxisset
2530 2935 2549 2986 3
2604 2932 2799 2974 reme-

542 3035 710 3100 dium
778 3055 914 3097 vero
978 3032 1108 3117 ipsa
1177 3031 1274 3094 lex
1338 3029 1545 3109 offert3
1605 3031 1691 3093 ita
1750 3030 1909 3095 enim
1961 3030 2223 3116 legiturz
2322 3033 2435 3110 „Si
2482 3034 2536 3098 is
2582 3058 2619 3100 a
2666 3057 2795 3122 quo

540 3160 914 3247 postulatum
981 3159 1094 3223 erit
1157 3180 1281 3221 non
1347 3156 1599 3221 habebit
1663 3158 1993 3243 collegam,
2064 3158 2366 3245 collegave
2424 3162 2557 3226 eius
2606 3163 2671 3227 in
2722 3188 2797 3230 eo

539 3286 876 3370 municipio
925 3285 1160 3348 intrave
1192 3285 1342 3348 fines
1376 3285 1503 3368 ejus
1539 3284 1858 3370 municipii
1890 3307 2067 3349 nemo
2103 3287 2253 3365 erit,
2290 3310 2471 3352 causa
2504 3290 2795 3376 cognita,

539 3415 608 3478 in
680 3413 892 3478 diebus
963 3413 1025 3476 X
1095 3412 1386 3497 proximis
1459 3435 1534 3475 ex
1602 3411 1840 3477 decreto
1915 3411 2308 3478 decurionum
2341 3463 2355 3479 .
2391 3461 2406 3478 .
2441 3463 2455 3478 .
2480 3462 2495 3479 .
2520 3464 2536 3480 .
2563 3465 2577 3480 .
2605 3464 2622 3482 .
2644 3466 2661 3483 .
2686 3467 2700 3484 .
2735 3467 2752 3484 .
2779 3469 2794 3483 .

535 3548 801 3607 tutorem
849 3539 1056 3605 dato.’³

723 3669 1051 3732 Decretum
1118 3665 1515 3730 decurionum
1566 3664 1893 3751 requiritur
1940 3689 2138 3752 neque
2184 3667 2317 3732 sine
2366 3690 2439 3732 eo
2489 3669 2651 3735 valet
2700 3679 2803 3737 tu-

535 3795 680 3859 toris
730 3795 910 3858 datio.
1008 3791 1326 3858 Eiusmodi
1373 3793 1496 3856 fere
1544 3791 1842 3877 placitum
1891 3801 2257 3859 memoratur
2304 3794 2372 3859 in
2422 3795 2643 3882 Capite
2696 3801 2790 3865 64

676 4104 712 4166 ¹)
781 4103 923 4152 Ratio
961 4102 1078 4168 legis
1113 4103 1162 4153 in
1199 4107 1426 4169 promptu
1462 4108 1557 4154 esta
1633 4105 1683 4154 Si
1720 4104 1846 4154 enim
1890 4105 2015 4155 adsit
2050 4109 2247 4170 uterque
2282 4105 2411 4156 IIvir
2445 4106 2536 4156 sibi
2573 4106 2793 4160 invicem

531 4187 822 4237 intercedere
874 4191 1099 4253 possunt3
1163 4187 1213 4237 cf
1255 4189 1373 4253 Cap.
1430 4187 1492 4240 27
1543 4189 1662 4252 leyis
1712 4191 1863 4252 Salp.;
1905 4190 2033 4254 quod
2082 4189 2123 4238 si
2158 4189 2283 4239 absit
2334 4191 2590 4248 alteruter,
2650 4193 2794 4243 nulla

531 4271 805 4322 intercessio
839 4287 929 4321 usu
965 4273 1126 4322 venire
1162 4276 1352 4336 potest,
1395 4289 1502 4322 cum
1542 4273 1804 4323 minoribus
1840 4273 2203 4338 magistratibus
2230 4273 2485 4323 interdicta
2522 4274 2585 4323 sit
2632 4275 2792 4327 inter-

529 4359 680 4408 cessio
717 4357 765 4404 in
801 4355 943 4405 rebus
978 4372 1006 4406 a
1051 4357 1311 4420 majoribus
1345 4358 1520 4421 gestis3
1558 4357 1703 4420 igitur
1738 4373 1797 4407 ne
1833 4357 2033 4407 arbitrio
2069 4357 2211 4406 unius
2248 4357 2396 4407 llviri
2432 4357 2596 4407 omnia
2634 4359 2789 4412 reliu-

529 4445 812 4508 querentur,
847 4441 1106 4507 prudenter
1139 4441 1436 4493 interventus
1472 4442 1653 4493 ordinis
1688 4443 1981 4493 constitutus
2018 4441 2222 4492 videtur.
