3027 5263
35 5020 77 5229 rw*—
35 4691 86 4999 *νὴ

1335 638 1415 698 19

433 832 784 914 Antequam
838 828 1013 913 plura
1062 827 1218 892 addo
1267 826 1344 890 de
1397 827 1577 892 variis
1627 827 1823 893 modis
1880 828 2109 914 quibus
2160 831 2495 918 municipes

245 981 372 1022 esse
419 957 654 1043 possint
701 955 862 1020 cives
907 955 1199 1034 Romani,
1253 955 1476 1040 quibus
1525 955 1979 1041 distinguendis
2014 980 2221 1023 ansam
2256 957 2493 1024 dabunt

247 1085 514 1150 diversae
553 1087 812 1171 (praeter
831 1084 957 1168 jam
993 1084 1395 1167 enumeratas)
1432 1083 1812 1148 definitiones
1844 1085 2007 1148 vocis
2043 1086 2409 1172 „municeps
2432 1086 2493 1164 ,”

249 1235 406 1298 quae
455 1211 617 1297 apud
667 1216 894 1274 veteres
943 1210 1372 1288 inveniuntur,
1424 1211 1877 1296 impugnandus
1910 1217 2004 1276 est
2035 1233 2196 1276 error
2222 1213 2283 1276 in
2311 1234 2495 1298 quem

247 1359 481 1404 RUBINO
522 1339 564 1423 ¹)
611 1338 901 1402 incidisse
951 1337 1222 1414 videtur,
1276 1359 1416 1402 cum
1465 1336 1651 1402 dicit:
1728 1339 1900 1416 „Die
1947 1339 2343 1424 Eigenschaft
2389 1339 2497 1404 der

248 1467 488 1551 Biirger
559 1465 729 1528 einer
777 1463 1195 1527 verbiindeten
1244 1463 1564 1527 italischen
1614 1464 1793 1528 Stadt
1839 1465 1946 1529 der
1996 1466 2079 1529 im
2128 1466 2497 1532 Romischen

247 1592 455 1656 Staate
527 1588 919 1675 bfirgerliche
976 1588 1280 1652 Pflichten
1330 1589 1460 1651 und
1507 1589 1741 1654 Rechte
1790 1591 2049 1654 ausiibte
2096 1611 2216 1656 war
2264 1614 2326 1654 es
2372 1591 2503 1656 und

250 1717 418 1782 blieb
483 1739 547 1780 es
613 1715 712 1779 ein
775 1715 1196 1800 Nichtbiirger
1257 1737 1334 1778 zu
1385 1717 1555 1794 sein,
1604 1716 1776 1780 nicht
1823 1739 1931 1780 zur
1978 1717 2497 1784 Genossenschaft

251 1845 358 1908 der
423 1845 586 1908 cives
649 1842 910 1906 Romani
967 1863 1040 1906 zu
1091 1843 1393 1927 gehorem
1445 1843 1611 1906 seine
1660 1843 2041 1929 Benennung
2092 1867 2209 1910 war
2256 1847 2503 1923 „muni-

255 1970 440 2058 ceps”
489 1976 552 2035 et
597 1971 779 2057 paulo
828 1978 963 2057 post
995 1971 1080 2056 ²):
1136 1970 1527 2055 „Municipes
1576 1970 1699 2033 und
1753 1971 1911 2036 cives
1957 1971 2096 2036 sind
2124 1972 2239 2036 den
2268 1995 2502 2058 ganzen

253 2097 555 2162 Zeitraum
604 2097 712 2161 der
756 2097 1125 2161 Romischen
1171 2095 1484 2182 Republik
1534 2097 1662 2160 und
1709 2097 1815 2161 der
1864 2105 2058 2162 ersten
2083 2098 2500 2185 Imperatoren

255 2224 559 2290 hindurch
630 2223 725 2288 bis
799 2245 938 2288 zum
1012 2223 1482 2287 Verschwinden
1561 2224 1664 2287 des
1730 2224 1891 2288 alten
1942 2225 2503 2292 staatsrechtlichen

253 2351 694 2416 Bewusstseins
755 2350 863 2414 hin
912 2350 1026 2414 mit
1090 2350 1385 2415 einander
1430 2350 1906 2428 unvereinbare,
1957 2351 2243 2416 einander
2292 2359 2497 2438 entge·

229 2485 644 2565 ‘gengesetzte
689 2476 954 2562 Begriffe
1001 2477 1314 2561 gehlieben
1337 2502 1355 2554 3
1401 2477 1673 2541 insofern
1721 2476 1995 2544 Jemand.
2033 2479 2346 2564 municeps
2384 2501 2501 2544 war

251 2606 488 2671 konnte
539 2627 600 2669 er
648 2603 790 2669 kein
840 2603 1078 2689 Biirger
1126 2603 1254 2669 und
1303 2603 1568 2669 insofern
1620 2627 1683 2669 er
1730 2603 1965 2690 Biirger
2012 2628 2131 2671 war
2179 2606 2322 2671 kein
2373 2629 2503 2672 mu·

251 2734 468 2818 niceps
531 2731 726 2795 sein.''
820 2733 1202 2816 Argumento
1265 2738 1360 2796 est
1407 2732 1552 2795 huic
1600 2733 1873 2817 opinioni
1936 2732 2143 2819 regula
2184 2734 2337 2818 juris
2385 2734 2500 2798 Ro-

255 2860 429 2925 mani
476 2882 629 2944 quae
677 2858 1088 2942 compluribus
1137 2858 1286 2922 locis
1319 2880 1352 2921 a
1378 2876 1685 2922 otcaaonn
1718 2858 1765 2942 ³)
1818 2865 2215 2925 memoratur:
2266 2860 2503 2925 nullum

255 3172 390 3223 enim
438 3172 557 3233 (Lib.
597 3172 626 3220 8
664 3171 784 3236 Cap.
819 3170 900 3228 14)
937 3170 1161 3234 legimus:
1199 3168 1494 3228 „Lanuvinis
1532 3168 1700 3219 civitas
1736 3170 1870 3228 data;
1913 3169 2096 3219 Aricini
2122 3171 2505 3236 Nomentanique

254 3262 312 3308 ct
343 3256 523 3305 Pedani
560 3257 724 3305 eodem
756 3255 864 3319 jure
899 3272 992 3319 quo
1027 3255 1262 3304 Lanuvini
1298 3256 1346 3303 in
1383 3255 1626 3304 civitatem
1669 3253 1901 3320 accepti.'’
1936 3254 2227 3321 Simpliciter
2261 3256 2504 3305 civitatem

255 3342 322 3391 iis
374 3342 535 3391 datam
587 3356 686 3388 esse
722 3340 889 3389 scribit
926 3340 1039 3389 dum
1073 3338 1330 3388 Fundanos
1365 3342 1413 3387 et
1449 3339 1566 3388 alios
1604 3338 1845 3388 civitatem
1888 3340 1992 3389 sine
2027 3340 2250 3404 suffragio
2286 3340 2507 3389 habuisse

257 3429 433 3485 docet3
480 3426 608 3489 quod
662 3430 820 3473 tamen
876 3430 1207 3489 argumentum
1260 3441 1428 3489 urgere
1481 3424 1618 3483 nolo,
1674 3441 1781 3474 cum
1818 3425 2072 3489 Arpinates
2115 3441 2301 3489 quoque
2337 3438 2509 3475 L1v1us

257 3514 390 3577 (Lib.
414 3513 476 3561 lo
513 3513 627 3576 Cap.
651 3512 696 3571 1)
732 3511 1010 3575 simpliciter
1046 3510 1240 3559 civitate
1280 3514 1446 3559 auctos
1487 3526 1590 3559 esse
1625 3510 1828 3568 scribat,
1866 3526 1985 3574 quos
2022 3515 2182 3560 tamen
2219 3526 2275 3558 ex
2311 3511 2417 3559 Lib.
2444 3512 2507 3559 38

259 3600 384 3663 Cap.
420 3597 482 3646 36
520 3596 710 3645 civitate
746 3597 846 3645 sine
881 3596 1106 3659 suffragio
1143 3612 1253 3645 usos
1291 3595 1435 3644 fuisse
1467 3596 1660 3645 scimus.
1699 3596 1898 3644 Maioris
1922 3597 2148 3644 momenti
2178 3598 2513 3659 argumentum

257 3698 324 3733 ex
377 3696 434 3730 eo
484 3681 582 3745 peti
627 3696 766 3744 posse
803 3680 992 3728 videtur
1029 3681 1155 3743 quod
1190 3692 1357 3729 uvius
1395 3679 1517 3739 (Lib.
1557 3682 1585 3727 8
1624 3679 1738 3743 Cap.
1782 3677 1864 3739 17)
1901 3678 2091 3727 scribit:
2141 3679 2353 3737 „Eodem
2388 3694 2515 3727 anno

259 3782 435 3818 census
470 3768 632 3822 actus,
681 3766 888 3828 novique
925 3765 1049 3813 cives
1085 3766 1238 3823 censi3
1295 3764 1446 3812 tribus
1483 3769 1683 3828 propter
1716 3779 1799 3812 eos
1836 3764 2024 3812 additae
2060 3762 2246 3811 Maecia
2282 3767 2330 3811 et
2364 3764 2512 3828 Scap·

261 3850 392 3901 tia.”
439 3850 699 3900 Profitetur
733 3866 844 3899 sanc
882 3864 1044 3899 PETER
1077 3850 1110 3899 l.
1147 3850 1180 3899 l.
1217 3866 1368 3899 novas
1404 3850 1558 3899 tribus
1595 3849 1781 3897 additas
1816 3864 1917 3896 esse
1952 3852 2150 3913 propter
2184 3863 2265 3897 eos
2300 3850 2379 3912 qui
2411 3848 2509 3913 jam

261 3938 397 3987 cives
432 3939 587 3984 essent
622 3934 702 3999 qui
737 3940 894 3984 tamen
933 3951 1080 3999 usquc
1115 3936 1174 3984 ad
1210 3935 1303 3985 hoc
1339 3941 1526 3999 tempus
1556 3934 1664 3997 jure
1703 3934 1913 3995 suffragii
1952 3934 2167 3982 destituti
2193 3939 2347 3981 essent
2367 3950 2509 3998 prop·

261 4027 343 4071 ter
377 4020 682 4085 praediorum
716 4020 951 4083 inopiam,
993 4024 1178 4085 pugnat
1213 4024 1372 4068 tamen
1411 4020 1528 4067 haec
1564 4018 1822 4082 explicatio
1860 4034 1969 4067 cum
2012 4018 2129 4082 ipsis
2168 4031 2295 4067 mvn
2329 4018 2507 4077 verbis,

264 4106 351 4172 qui
389 4120 532 4154 novos
567 4104 692 4152 cives
729 4105 948 4152 tribubus
987 4106 1082 4152 illis
1119 4106 1386 4168 adscriptos
1425 4120 1525 4152 esse
1562 4108 1743 4151 narrat.

412 4189 449 4250 1)
523 4190 578 4237 In
634 4189 1048 4237 commentatione
1103 4190 1178 4238 cui
1215 4190 1410 4238 titulus:
1477 4190 1619 4236 Ueber
1671 4189 1747 4237 die
1798 4188 2083 4251 Bedeutunq
2116 4188 2202 4237 der
2238 4187 2514 4236 Ausdrt‘icke

263 4272 638 4337 „municipium”
690 4274 792 4321 und
824 4273 1125 4335 „municeps”
1161 4276 1210 4321 in
1252 4274 1341 4321 den
1381 4271 1541 4321 Zeiten
1578 4274 1663 4321 der
1698 4274 1955 4322 remisclcen
1996 4272 2245 4335 Republilc,
2284 4288 2405 4335 quae
2440 4272 2514 4319 in-

267 4360 463 4409 venitur
496 4358 545 4406 in
582 4358 764 4407 diario:
803 4358 1079 4420 Zeilschrq‘ft
1095 4360 1196 4421 fiir
1230 4358 1308 4405 die
1341 4356 1957 4421 Altertkumswiasenschaft
1991 4357 2103 4405 anni
2129 4358 2287 4417 1845,
2311 4372 2361 4421 p.
2397 4354 2514 4405 866.

415 4444 454 4507 ²)
503 4459 548 4507 p.
571 4444 687 4491 868.

418 4528 457 4591 ³)
503 4527 561 4575 In
598 4525 828 4576 Oratione
864 4543 951 4591 pro
988 4540 1184 4584 BALBO,
1224 4528 1338 4591 Cap.
1379 4526 1474 4585 11,
1516 4526 1606 4576 12.
1646 4528 1727 4577 13.

2152 4620 2235 4679 ρ-κι
