3027 5263
1299 591 1380 652 55

218 787 280 846 et
343 786 598 867 nepotes
661 782 794 848 eius
857 781 964 868 qui
1013 782 1433 868 magistratum
1481 783 1667 869 gessit
1715 785 1895 850 simul
1946 807 2083 850 cum
2134 808 2204 851 eo
2254 787 2464 853 civita·

217 913 342 974 tem
373 909 710 974 Romanam
747 909 1072 996 adepturos
1105 932 1233 974 esse
1251 936 1272 988 3
1307 910 1470 995 quod
1505 911 1866 977 nominatim
1908 913 2243 978 cavendum
2292 921 2456 995 erat,

213 1036 362 1120 quia
409 1059 535 1100 non
582 1043 712 1102 erat
759 1038 1005 1102 effectus
1047 1037 1206 1121 juris
1253 1038 1418 1103 Latii
1458 1040 1523 1125 ¹).

403 1163 518 1228 Jus
563 1164 723 1229 illud
771 1187 910 1251 ergo
958 1165 1264 1251 peculiare
1311 1166 1474 1252 quod
1522 1166 1589 1230 in
1629 1143 1769 1253 lege
1816 1167 2185 1252 Salpensana
2232 1191 2458 1234 memo-

207 1294 412 1354 ratum
463 1291 736 1356 videmus
755 1342 774 1372 ‚
826 1293 1039 1357 edictis
1087 1291 1361 1358 debetur.

397 1416 622 1483 Nonne
669 1418 869 1483 obstat
916 1419 1060 1484 huic
1109 1419 1443 1484 edictorum
1475 1419 1867 1504 explicationi
1899 1420 2243 1485 eorumdem
2292 1442 2457 1506 prae-

203 1549 523 1628 ceptorum
587 1545 820 1609 mentio
883 1545 952 1608 in
1016 1545 1146 1630 ipsa
1211 1545 1324 1609 hac
1387 1545 1569 1632 lege?
1666 1546 1835 1627 Quid
1891 1547 2087 1626 enim,
2138 1549 2193 1611 si
2240 1547 2455 1613 edictis

192 1671 329 1755 jam
393 1672 794 1756 Imperatores
850 1673 952 1756 jus
1001 1671 1154 1735 illud
1219 1672 1464 1757 oppidis
1529 1673 1753 1738 nostris
1818 1673 2212 1752 tribuissent,
2264 1675 2455 1759 quid,

200 1799 338 1877 aio,
406 1820 560 1884 opus
623 1805 750 1862 erat
812 1797 989 1882 lege?
1084 1797 1218 1862 Hae
1283 1797 1671 1864 difficultates
1732 1799 1909 1865 facile
1977 1799 2112 1865 tolli
2161 1808 2455 1886 possunt3

201 1947 308 1990 res
357 1925 522 1990 enim
568 1925 653 1990 ita
703 1947 830 1989 sese
862 1924 1141 1988 habuisse
1177 1924 1436 1990 videtur.
1486 1925 1913 1990 Vnsrasrauos
1947 1935 2009 1990 et
2041 1946 2216 1992 'rrrus
2250 1927 2452 1992 edicto

203 2053 612 2138 Salpensanos
683 2051 1084 2117 Latinitatem
1163 2051 1414 2137 adeptos
1487 2051 1805 2138 privilegio
1852 2053 2157 2118 donarunt
2206 2054 2282 2119 de
2330 2078 2453 2140 quo

201 2181 339 2245 dixi
354 2205 374 2258 3
423 2201 810 2245 DOMITIANUS
859 2202 1000 2245 vero
1048 2179 1116 2244 in
1165 2179 1363 2244 edicto
1405 2180 1714 2264 repetivit,
1767 2179 1931 2264 quod
1979 2187 2149 2264 pater
2182 2188 2245 2245 et
2270 2181 2454 2246 frater

203 2313 489 2372 sanxerat
505 2333 524 2384 ς
583 2307 716 2393 lege
779 2313 986 2371 nostra
1051 2306 1316 2390 denique
1381 2307 1723 2392 Imperator
1769 2327 2157 2373 nom‘rIANth
2204 2310 2450 2394 penitus

203 2433 514 2500 ordinavit
569 2436 669 2519 jus
717 2433 982 2498 civitatis
1031 2433 1428 2518 acquirendae
1483 2432 1989 2518 Salpensanorum
2005 2482 2026 2512 ,
2078 2441 2210 2499 tum
2286 2435 2447 2520 quod

200 2585 276 2629 ex
330 2563 461 2649 ipso
503 2562 640 2647 jure
687 2561 854 2626 Latii
908 2559 1312 2646 sequebatur,
1363 2566 1499 2624 tum
1550 2560 1715 2647 quod
1763 2560 1981 2626 edictis
2030 2561 2450 2626 introductum

199 2695 336 2755 erat
364 2690 441 2776 ²).

390 2818 472 2883 In
521 2818 636 2882 hac
683 2817 980 2883 sententia
1027 2837 1339 2901 persevero
1386 2814 1669 2900 equidem
1706 2820 2025 2899 postquam
2060 2835 2343 2879 aunoarr
2355 2816 2401 2901 ⁸)
2428 2866 2447 2895 ‚

193 2968 387 3032 quem
459 2950 700 3011 secutus
773 2950 866 3009 est·
933 2963 1226 3007 Husomm
1259 2942 1343 3027 4),
1398 2941 1513 3005 hoc
1561 2940 1946 3027 privilegium
1996 2942 2271 3007 effectum
2322 2964 2447 3007 esse

195 3074 392 3161 ipsius
456 3073 608 3158 juris
678 3072 843 3137 Latii
889 3071 1126 3136 statuit.
1225 3067 1560 3134 Probantes
1631 3066 1811 3132 verba
1861 3066 2084 3152 quibus
2134 3087 2445 3133 normann

345 3299 386 3361 ¹)
451 3300 648 3355 Zth‘r,
684 3296 816 3347 Stud.
854 3296 986 3345 Rom.
1023 3312 1070 3360 p.
1107 3296 1205 3343 309
1243 3295 1364 3343 hanc
1399 3294 1685 3344 sententiam
1709 3308 1921 3359 pugnare
1944 3298 2083 3359 putat
2106 3310 2213 3343 cum
2238 3294 2295 3343 iis
2322 3311 2444 3359 quae

190 3387 248 3435 in
287 3400 394 3433 aere
428 3383 718 3449 Salpensano
753 3382 992 3445 leguntur.
1063 3382 1205 3445 „Ipse
1254 3384 1531 3442 (nuscum)
1576 3379 1760 3437 enim;’'
1796 3379 1898 3439 ait,
1942 3380 2137 3437 „edicta
2172 3380 2232 3429 ad
2268 3396 2438 3445 paren-

191 3475 302 3529 tes,
337 3468 539 3525 liberos,
575 3471 771 3533 nepotes
807 3467 1004 3515 civitate
1051 3465 1298 3514 donandos
1333 3466 1573 3529 pertinere
1625 3467 1809 3521 censet,
1850 3464 1969 3528 legis
2006 3465 2149 3513 verba
2185 3465 2245 3513 ad
2280 3466 2441 3529 ipsum

192 3556 337 3607 cuius
371 3557 588 3620 parentes
623 3556 672 3601 et
705 3552 844 3601 liberi
879 3553 977 3601 sint
1011 3550 1306 3615 pertinent.'’
1378 3552 1561 3599 Rursus
1598 3566 1683 3613 ego
1722 3566 1816 3597 non
1854 3550 2021 3599 dubito
2057 3551 2292 3599 affirmare
2328 3566 2441 3601 auc-

190 3640 323 3691 toris
358 3638 640 3688 sententiam
674 3638 792 3701 legis
828 3637 984 3685 verbis
1019 3636 1190 3685 refelli.
1227 3636 1417 3685 Etenim
1451 3638 1555 3685 tum
1592 3634 1751 3698 Capiti
1789 3634 1853 3682 22
1891 3638 1995 3682 tum
2032 3634 2191 3698 Capiti
2228 3634 2291 3683 23
2320 3634 2439 3698 legis

190 3726 330 3791 Salp.
366 3724 655 3790 praescripta
689 3727 804 3772 sunt
828 3722 974 3771 verba
1010 3720 1123 3785 „qui
1159 3721 1335 3784 quae”,
1362 3720 1432 3768 ita
1451 3722 1504 3768 nt
1523 3718 1583 3767 ad
1600 3734 1823 3783 personas
1845 3718 2091 3780 utriusque
2108 3732 2247 3767 sexus
2264 3718 2441 3783 placita

185 3811 284 3861 ina
317 3809 486 3875 procul
522 3808 667 3856 dubio
703 3810 936 3871 spectent.

337 3894 378 3954 ²)
445 3894 641 3943 Temere
676 3894 764 3943 Dr.
797 3904 1062 3941 srm‘rzma
1095 3890 1146 3939 in
1171 3889 1336 3938 Diario
1362 3888 1599 3938 Iuridico:
1625 3886 2037 3949 Heidelberqisehe
2058 3887 2291 3936 Kritisclze
2313 3890 2438 3937 Zeit-

185 3980 373 4043 sebrg't‘t
396 3978 485 4034 fiir
517 3977 594 4027 die
631 3980 884 4041 ,qe-summae
929 3974 1447 4038 Rechtswissenechaft‚
1495 3972 1610 4020 anni
1662 3974 1821 4030 1856,
1874 3972 2013 4021 Tom.
2051 3972 2079 4020 3
2118 3988 2166 4035 p.
2204 3973 2303 4021 334
2340 3974 2442 4033 (ubi

186 4064 438 4117 recensuit
455 4064 588 4127 O'pus
611 4061 856 4111 laudatum
876 4060 962 4109 viri
989 4060 1047 4109 cl.
1085 4071 1323 4108 nuscum
1347 4057 1539 4106 nomine
1563 4056 1811 4121 Beitrdye,
1838 4060 1946 4118 cet).
1973 4057 2221 4106 contendit
2244 4057 2434 4121 privile·

186 4151 328 4217 gium
355 4148 414 4196 de
449 4162 543 4209 quo
577 4146 766 4194 locutus
801 4161 907 4195 sum
943 4143 1032 4193 hac
1065 4143 1168 4207 lege
1205 4142 1483 4206 municipali
1520 4142 1710 4189 demum
1747 4141 2075 4193 introductum
2112 4141 2283 4199 fuisse3
2319 4142 2431 4205 quid

186 4237 244 4286 in
284 4232 450 4283 edictis
483 4230 630 4280 fuerit
664 4229 975 4278 divinandum
1010 4228 1251 4291 relinquit.

336 4318 376 4380 3)
445 4317 506 4365 In
543 4317 678 4379 Diep.
721 4316 838 4367 erit.
875 4331 922 4379 p.
966 4315 1022 4371 9,
1063 4315 1142 4364 10.
1424 4376 1430 4381 Ι

333 4403 376 4466 4)
445 4402 505 4451 In
540 4401 696 4466 Opere
733 4400 860 4465 quod
895 4399 1198 4449 inscribitur:
1239 4399 1683 4461 „Jurisprudentiae
1718 4398 2190 4449 Ante-Justinianeae
2223 4413 2343 4461 quae
2358 4413 2437 4447 eu·

177 4492 421 4557 per-sunt.
455 4485 640 4551 Lipsiae
678 4486 835 4544 1861,
876 4486 936 4535 ad
973 4497 1138 4534 cmm
1173 4484 1212 4533 I.
1253 4486 1275 4543 §
1313 4482 1400 4545 96,
1443 4485 1543 4532 not.
1582 4484 1627 4532 6.
2020 4467 2040 4481 ⁹
