3027 5263
1611 558 1736 623 190

546 755 847 818 dictorem
929 760 1169 816 tautum
1244 753 1548 836 acquirere
1591 754 1692 838 jus
1742 754 1892 818 illud
1946 756 2109 840 quod
2155 755 2406 822 cedatur
2424 784 2443 837 ;
2519 741 2800 846 praedem

544 883 735 968 igitur
783 881 1094 945 dominum
1128 901 1326 944 rerum
1356 902 1604 946 suarum
1633 883 1922 948 mansisse
1946 883 2084 948 illos
2118 885 2316 950 dicere
2350 895 2591 973 oportet
2609 891 2799 980 3‘eius

544 1033 635 1074 res
682 1015 921 1072 tantum
974 1007 1278 1092 obligatae
1328 1015 1501 1072 erant
1553 1009 1914 1093 praediatori
1969 1019 2156 1096 prout
2203 1023 2346 1077 ante
2383 1016 2798 1082 venditionem

543 1139 794 1226 populo.
890 1135 1027 1200 Jam
1093 1156 1345 1219 quaere,
1412 1135 1658 1220 quando
1733 1145 1794 1200 et
1842 1137 2147 1223 quomodo
2201 1141 2548 1224 praediator
2599 1143 2790 1208 domi-

540 1269 709 1331 nium
774 1263 927 1328 illud
979 1261 1393 1338 fiduciariam,
1448 1263 1524 1326 de
1574 1285 1696 1348 quo
1745 1263 2116 1349 loquuntur,
2171 1267 2493 1351 acquiret?
2545 1271 2794 1354 quando

539 1416 709 1479 praes
779 1391 1115 1455 dominium
1188 1412 1384 1454 rerum
1446 1413 1694 1455 suarum
1760 1392 2039 1456 amittet?
2135 1394 2364 1458 Procul
2413 1397 2604 1461 dubio
2659 1408 2796 1483 post

538 1520 832 1607 praedam
898 1517 1303 1581 venditionem
1371 1523 1431 1581 et
1480 1517 1611 1602 ipsa
1661 1519 1770 1582 hac
1831 1519 2215 1599 venditione5
2265 1523 2372 1587 sed
2423 1547 2556 1588 eam
2607 1525 2796 1590 fuisse

538 1649 869 1714 cessionem
922 1645 1071 1708 iuris
1120 1644 1598 1708 contenderunt!

722 1777 1070 1851 Praeterea,
1140 1771 1192 1835 si
1256 1772 1594 1836 dominium
1659 1773 2042 1838 fiduciariam
2100 1777 2459 1862 interpretes
2507 1779 2788 1844 tribuant

534 1903 935 1993 praediatori‚
1002 1906 1152 1986 puto
1218 1921 1320 1963 eos
1390 1922 1632 1984 quoque
1683 1901 1840 1966 illud
1905 1902 2086 1966 solito
2155 1905 2332 1968 modo
2381 1909 2786 1972 constitutum

539 2033 813 2098 voluisse.
914 2028 1036 2093 Ubi
1088 2035 1291 2092 autem
1342 2027 1594 2092 (locetur
1623 2080 1641 2107 ,
1720 2029 1880 2094 bona
1952 2032 2243 2116 praedam
2295 2035 2644 2118 mancipata
2696 2035 2786 2100 vel

533 2164 597 2226 in
644 2161 776 2246 jure
824 2179 985 2222 cessa
1040 2156 1223 2220 fuisse
1278 2154 1390 2219 sub
1452 2164 1630 2240 pacto
1687 2157 1944 2222 fiduciae
1989 2158 2076 2243 ι)ὶ)
2158 2160 2236 2223 In
2294 2181 2476 2224 causa
2525 2161 2787 2226 fiduciae

532 2314 735 2356 revera
808 2286 1161 2352 transfertur
1234 2283 1574 2349 dominium
1647 2287 1730 2349 rei
1750 2313 1770 2365 ,-
1837 2287 1900 2350 in
1950 2289 2236 2372 praedam
2291 2289 2648 2355 venditione
2689 2291 2791 2374 jus

532 2417 779 2503 aliquod
831 2435 1063 2478 cessum
1116 2411 1301 2475 fuisse
1353 2412 1712 2476 docuerunt.
1787 2417 1792 2421 ⁴

722 2540 1084 2608 Addendum
1156 2546 1244 2602 est
1294 2539 1491 2603 virum
1543 2540 1614 2604 cl.
1671 2560 2008 2616 οοιτυεΜιΤ,
2082 2541 2189 2624 qui
2239 2543 2632 2627 caeteroquin
2685 2568 2786 2609 au-

531 2675 796 2742 ctoribus
844 2670 1111 2735 laudatis
1159 2670 1513 2745 assentitur,
1573 2667 1638 2733 in
1688 2667 2044 2754 exponenda
2071 2677 2284 2733 natura
2319 2671 2609 2755 praedum
2649 2697 2786 2739 ven·

533 2803 781 2869 ditionis
799 2851 817 2880 ‚
892 2798 1291 2863 nihilominus
1356 2797 1650 2883 denegare
1725 2797 2090 2877 praediatori
2141 2798 2484 2863 dominium
2540 2800 2788 2866 fiducia-

532 2934 689 2998 rium
740 2950 937 2993 rerum
986 2934 1361 3011 emptarum,
1411 2946 1609 3009 neque
1658 2932 1863 2989 tamen
1922 2925 2100 2991 docet
2149 2934 2388 3003 auctor,
2441 2928 2594 3013 quid
2623 2930 2788 3014 juris

530 3059 806 3145 acquirat
852 3056 915 3119 iu
963 3076 1057 3118 res
1106 3052 1239 3117 illas
1292 3060 1527 3137 emptor
1559 3053 1634 3136 ²).

728 3187 811 3250 De
883 3186 1017 3272 jure
1099 3182 1205 3246 illo
1275 3190 1436 3247 recte
1501 3182 1813 3267 disputare
1883 3181 2169 3247 videntur
2241 3203 2568 3249 BAGHOFEN
2605 3184 2650 3268 ³)
2731 3192 2790 3251 et

530 3333 864 3385 DuRNssuRo
901 3313 987 3397 ⁴),
1038 3312 1179 3397 qui,
1234 3310 1333 3375 hic
1383 3311 1562 3375 modo
1611 3312 1671 3375 in
1725 3312 2002 3395 praedia,
2073 3312 2177 3376 ille
2227 3313 2410 3376 etiam
2464 3314 2526 3377 in
2589 3325 2790 3379 cetera.

532 3446 817 3534 praedum
869 3441 1061 3517 bona,
1106 3441 1207 3525 jus
1256 3441 1525 3525 pignoris
1577 3441 1979 3503 constitutum
2031 3463 2159 3505 esse
2209 3441 2451 3521 dicu11t;
2509 3443 2788 3527 praedia-

530 3584 723 3641 torcm
787 3570 948 3636 enim
1018 3567 1115 3654 jus
1179 3567 1434 3632 dominii
1500 3569 1562 3632 in
1629 3566 1807 3633 rebus
1875 3567 2097 3653 emptis
2148 3570 2461 3652 acquirere
2514 3570 2747 3635 docent
2767 3596 2784 3648 ;

527 3701 697 3797 quod
789 3698 966 3789 plane
1058 3698 1379 3787 convenire
1486 3696 1724 3760 videtur
1797 3718 1933 3759 cum
2013 3695 2303 3760 fontibus
2427 3697 2562 3781 Ego
2637 3720 2787 3781 quo-

530 3862 648 3927 que
744 3828 1149 3899 venditionem
1217 3825 1505 3912 praedum
1573 3824 2076 3909 praediorumque
2141 3820 2268 3887 tam
2355 3824 2538 3909 „lege
2613 3846 2783 3910 prae·

530 3961 824 4037 diatoria''
897 3981 1077 4047 quam
1152 3956 1263 4035 „in
1337 3952 1632 4019 vacuum”
1683 3953 1900 4017 factam
1951 3952 2290 4017 dominium
2356 3973 2555 4016 rerum
2625 3974 2784 4037 quae

539 4154 620 4162 ι’...-

677 4252 709 4312 1)
784 4248 902 4298 Vide
939 4258 1215 4295 nummum
1254 4242 1300 4291 in
1340 4240 1529 4307 Opvrez
1568 4236 1769 4304 Ifs'andr.
1805 4235 1857 4294 I,
1897 4253 1943 4301 p.
1986 4234 2172 4285 8-11.

678 4339 716 4398 ιδ·)
790 4335 902 4382 Vide
940 4337 1064 4380 auct.
1103 4333 1147 4378 in
1194 4330 1437 4377 Comment.
1474 4328 1504 4373 l.
1550 4343 1594 4391 p.
1637 4325 1750 4373 566.

672 4420 711 4481 ³³)
786 4422 841 4468 In
882 4419 1065 4482 Opere:
1108 4414 1306 4477 l'samlr.
1344 4429 1388 4476 p.
1428 4412 1543 4459 220.

672 4502 713 4573 ἃ)
788 4506 839 4553 ln
879 4503 1059 4570 Operez
1106 4500 1303 4565 ly'andr.
1345 4499 1365 4545 l
1410 4514 1455 4567 p.
1494 4496 1575 4560 35,
