3027 5263
1699 616 1822 677 130

635 810 992 896 sublegendi
1043 810 1394 875 decuriones
1442 807 1549 873 illa
1595 809 1727 894 lege
1772 807 1990 873 IIviris
2040 808 2135 873 vel
2181 806 2425 873 IVviris
2475 809 2699 874 datum
2724 810 2889 875 vide·

629 936 725 1001 bis
797 936 944 1001 iisve
1016 935 1468 1021 magistratibus
1542 934 1651 1019 qui
1722 933 2024 1019 dignitate
2088 934 2369 1019 aequales
2443 941 2593 999 sunt
2638 934 2771 1000 illis
2804 936 2849 1021 ¹)
2863 962 2883 1015 3

629 1062 1002 1147 probabilior
1051 1062 1234 1127 etiam
1282 1064 1352 1125 fit
1399 1061 1703 1126 sententia
1750 1082 1883 1124 mea
1908 1061 1962 1125 si
1996 1067 2241 1146 reputes
2276 1061 2619 1147 exlegibus
2654 1062 2888 1127 Flaviis

627 1188 942 1274 complura
988 1188 1183 1253 officia
1231 1210 1386 1273 quae
1433 1188 1665 1252 Romae
1718 1186 2003 1251 mandata
2032 1192 2229 1252 essent
2254 1188 2641 1267 censoribus,
2677 1188 2888 1254 IIviris

630 1316 978 1381 incumbere
1011 1316 1086 1400 ²).

815 1444 912 1508 Ex
983 1443 1262 1507 cautione
1334 1463 1518 1525 quam
1589 1446 1891 1525 praestare
1965 1439 2147 1506 debet
2211 1439 2373 1505 IIvir
2437 1440 2559 1520 „de
2624 1442 2889 1525 pecunia

629 1567 974 1635 communi”
1021 1568 1338 1653 perspicue
1385 1571 1637 1653 apparet
1686 1588 1824 1631 eum
1872 1588 2079 1651 gerere
2127 1567 2192 1631 in
2224 1566 2573 1651 republica3
2612 1568 2890 1633 continet

631 1704 942 1781 praeterea
987 1695 1085 1759 lex
1135 1694 1505 1759 Malacitana
1556 1693 1853 1759 nonnulla
1907 1692 2133 1779 placita
2172 1692 2399 1777 quibus
2436 1694 2739 1779 pecuniae
2779 1718 2889 1780 pu-

632 1821 825 1886 blicae
873 1820 1317 1885 administratio
1367 1819 1423 1883 ei
1471 1819 1759 1885 defertur.
1854 1820 1955 1885 Ita
2002 1819 2176 1897 enim,
2214 1819 2281 1883 in
2330 1819 2547 1905 Capite
2599 1823 2687 1883 63
2739 1821 2886 1907 legis

631 1947 1036 2013 Malacitanae
1060 1946 1390 2011 sancitum:
1444 1945 1619 2026 „Qui
1653 1945 1820 2010 IIvir
1838 1946 1962 2030 juri
1988 1944 2261 2011 dicundo
2284 1945 2545 2031 praeerit
2570 1946 2883 2031 vectigalia

630 2070 1142 2157 ultroquetributa
1206 2071 1334 2136 sive
1382 2071 1534 2155 quid
1601 2071 1773 2137 aliud
1848 2071 2161 2137 communi
2208 2071 2455 2137 nomine
2502 2072 2881 2159 municipum

634 2201 765 2265 eius
814 2199 1135 2284 municipii
1181 2198 1368 2263 locari
1415 2198 1754 2283 oportebit,
1804 2197 2064 2263 locato.’'
2110 2198 2399 2263 Solebant
2446 2199 2634 2265 IIviri
2667 2200 2733 2265 in
2758 2223 2881 2265 mu-

637 2328 884 2413 nicipiis
926 2324 1245 2411 vectigalia
1268 2325 1497 2405 locare,
1551 2326 1717 2409 quod
1748 2327 1990 2411 egregie
2020 2330 2280 2391 testatur
2309 2326 2411 2391 lex
2443 2326 2785 2392 Puteolana
2811 2328 2878 2412 3).

638 2454 928 2518 Censores
983 2453 1211 2518 Romae
1274 2452 1686 2516 locationibus
1736 2452 1860 2516 illis
1907 2458 2258 2538 praeerant3
2333 2453 2658 2539 vectigalia
2704 2476 2879 2539 quam

637 2579 916 2657 maximi,
971 2577 1364 2643 ultrotributa
1414 2600 1598 2663 quam
1647 2578 1888 2644 minimi
1936 2576 2296 2645 locabantur
2320 2580 2390 2665 4).
2474 2580 2727 2648 Publice
2758 2583 2879 2646 sive

640 2707 705 2770 in
746 2710 1071 2790 conspectu
1097 2704 1310 2788 populi
1336 2705 1600 2768 Romani
1624 2705 1841 2769 locatio
1866 2706 2215 2772 censoribus
2246 2707 2615 2792 perficienda
2646 2713 2773 2772 erat
2796 2708 2842 2794 5)
2857 2736 2873 2787 3

640 2834 691 2896 si
746 2831 1002 2896 nimium
1049 2853 1271 2916 magno
1320 2831 1753 2896 conduxissent
1799 2832 2146 2917 publicani,
2200 2834 2459 2900 Senatus
2491 2834 2709 2900 horum
2732 2835 2876 2920 peti·

639 2961 809 3025 tione
857 2964 1093 3036 motus»,
1152 2958 1518 3023 locationem
1566 2959 1855 3024 inducere
1882 2966 2121 3045 poterat
2148 2961 2217 3046 ⁶).
2270 2961 2399 3042 Qui
2430 2961 2874 3040 conducebant,

637 3092 709 3152 ut
757 3086 956 3152 obiter
1003 3084 1218 3150 addam
1239 3135 1258 3164 ,
1308 3085 1627 3170 publicani
1676 3086 2036 3153 dicebantur
2066 3088 2135 3159 ⁷).

822 3211 1118 3289 Memini,
1171 3233 1364 3296 quum
1388 3212 1464 3276 de
1488 3213 1720 3276 Senatu
1747 3213 2100 3298 municipali
2129 3213 2537 3298 disputarem,
2564 3237 2660 3280 me
2683 3215 2875 3280 dicere

643 3359 886 3422 magnas
950 3337 1077 3400 eius
1147 3344 1348 3423 partes
1422 3361 1549 3404 non
1596 3339 1781 3404 fuisse
1829 3339 2100 3406 Malacae
2146 3341 2214 3404 in
2262 3339 2738 3406 administranda
2786 3363 2879 3427 pet

779 3737 814 3796 ¹)
882 3735 1002 3786 Vide
1055 3736 1214 3800 Caput
1267 3737 1293 3784 5
1356 3735 1472 3800 legis
1506 3735 1666 3786 Juliae
1702 3737 1829 3802 apud
1864 3750 1990 3788 zum.
2028 3737 2142 3788 Del.
2176 3740 2331 3788 Imcr.
2369 3752 2449 3788 no.
2488 3737 2648 3799 16827,
2684 3738 2884 3790 addatur
2994 3765 2996 3780 ·

634 3833 882 3870 macxsmt
919 3821 969 3869 in
1007 3820 1187 3884 Opere:
1236 3820 1619 3882 Observationes,
1656 3825 1750 3870 etc.
1785 3837 1834 3885 p.
1874 3823 2092 3872 13—21.

770 3905 810 3969 2)
885 3906 938 3955 V.
975 3921 1019 3968 g.
1061 3905 1237 3955 locatio
1276 3905 1582 3969 vectigalium
1621 3906 1845 3971 ultroque
1881 3907 2200 3967 tributorum3
2239 3906 2349 3955 vide
2384 3909 2477 3974 leq.
2514 3908 2639 3959 Mal.
2667 3907 2783 3972 Cap.
2810 3909 2887 3958 6³.

772 3989 810 4050 3)
882 3989 999 4037 Vide
1033 4005 1138 4039 eam
1174 3990 1302 4056 apud
1337 4004 1462 4040 zum.
1499 3991 1609 4042 Del.
1644 3991 1874 4057 Inseripc.
1914 4008 1992 4041 no.
2034 3989 2094 4044 17
2102 3992 2189 4050 51;
2228 3991 2433 4042 addatur
2466 3990 2547 4044 lex
2584 3992 2615 4042 2
2646 3993 2805 4054 541).
2826 3995 2891 4044 ad

634 4089 759 4122 mun.
795 4073 970 4134 (50.1).

772 4155 813 4219 4)
891 4156 1005 4204 Vide
1039 4170 1246 4215 mvmu,
1286 4157 1392 4207 Lib.
1429 4159 1522 4216 39,
1564 4159 1680 4223 Cap.
1717 4161 1802 4210 44.

777 4239 817 4301 ⁵)
889 4239 1006 4289 Vide
1043 4252 1366 4301 cremonen,
1403 4244 1463 4290 de
1497 4245 1599 4308 [θρα
1633 4258 1799 4306 αμναν.
1841 4244 1948 4300 1.3,
1992 4243 2126 4292 221.

774 4321 815 4382 ὓ)
884 4323 1004 4372 Vide
1041 4337 1359 4380 cremonam,
1399 4327 1465 4374 ad
1498 4327 1647 4376 Attia.
1688 4327 1740 4384 1,
1780 4325 1895 4391 Cap.
1934 4324 2026 4384 17,
2082 4328 2130 4374 et
2166 4337 2355 4375 mum
2390 4325 2503 4375 Lib.
2540 4326 2625 4376 39.
2663 4326 2785 4393 Gap.
2817 4330 2893 4378 44.

775 4406 810 4468 ἵ)
880 4407 1000 4455 Vide
1052 4406 1141 4472 lcg.
1202 4409 1225 4456 l
1283 4410 1305 4468 §
1346 4408 1398 4465 1;
1439 4407 1532 4470 leg.
1575 4409 1637 4458 12
1674 4410 1697 4468 5
1735 4409 1782 4458 3.
1821 4409 1880 4458 D.
1914 4409 1977 4458 de
2001 4409 2277 4471 publicanis
2312 4406 2499 4475 (39.4)j;
2537 4411 2715 4472 postea
2750 4410 2808 4460 de
2838 4412 2895 4460 iis

629 4489 770 4556 plura
808 4489 997 4539 addam.
