<?xml version="1.0" encoding="UTF-8"?>
<!DOCTYPE html PUBLIC "-//W3C//DTD XHTML 1.0 Transitional//EN"
    "http://www.w3.org/TR/xhtml1/DTD/xhtml1-transitional.dtd">
<html xmlns="http://www.w3.org/1999/xhtml" xml:lang="en" lang="en">
 <head>
  <title>
</title>
<meta http-equiv="Content-Type" content="text/html;charset=utf-8" />
  <meta name='ocr-system' content='tesseract 3.04.00' />
  <meta name='ocr-capabilities' content='ocr_page ocr_carea ocr_par ocr_line ocrx_word'/>
</head>
<body>
  <div class='ocr_page' id='page_1' title='image "./disquisitiodeae00swingoog_0110.png"; bbox 0 0 3027 5263; ppageno 0'>
   <div class='ocr_carea' id='block_1_1' title="bbox 1591 625 1677 688">
    <p class='ocr_par' dir='ltr' id='par_1_1' title="bbox 1591 625 1677 688">
     <span class='ocr_line' id='line_1_1' title="bbox 1591 625 1677 688; baseline 0.023 -2"><span class='ocrx_word' id='word_1_1' title='bbox 1591 625 1677 688; x_wconf 83' lang='lat'><strong>94</strong></span> 
     </span>
    </p>
   </div>
   <div class='ocr_carea' id='block_1_2' title="bbox 423 814 2765 3581">
    <p class='ocr_par' dir='ltr' id='par_1_2' title="bbox 423 814 2765 3200">
     <span class='ocr_line' id='line_1_2' title="bbox 692 814 2763 901; baseline -0.003 -14"><span class='ocrx_word' id='word_1_2' title='bbox 692 822 848 888; x_wconf 84' lang='lat' dir='ltr'><strong>Item</strong></span> <span class='ocrx_word' id='word_1_3' title='bbox 906 826 1030 885; x_wconf 86' lang='lat' dir='ltr'><strong>tam</strong></span> <span class='ocrx_word' id='word_1_4' title='bbox 1095 841 1130 883; x_wconf 90' lang='lat' dir='ltr'><strong>a</strong></span> <span class='ocrx_word' id='word_1_5' title='bbox 1177 817 1376 883; x_wconf 86' lang='lat' dir='ltr'><strong>IIviro</strong></span> <span class='ocrx_word' id='word_1_6' title='bbox 1448 837 1634 901; x_wconf 87' lang='lat' dir='ltr'><strong>quam</strong></span> <span class='ocrx_word' id='word_1_7' title='bbox 1713 814 1788 880; x_wconf 91' lang='lat' dir='ltr'><strong>ab</strong></span> <span class='ocrx_word' id='word_1_8' title='bbox 1846 814 2040 880; x_wconf 85' lang='lat' dir='ltr'>aedile</span> <span class='ocrx_word' id='word_1_9' title='bbox 2113 822 2176 880; x_wconf 91' lang='lat' dir='ltr'><strong>et</strong></span> <span class='ocrx_word' id='word_1_10' title='bbox 2248 822 2565 901; x_wconf 80' lang='lat' dir='ltr'><strong>quaestore</strong></span> <span class='ocrx_word' id='word_1_11' title='bbox 2636 816 2763 882; x_wconf 89' lang='lat' dir='ltr'><strong>exi-</strong></span> 
     </span>
     <span class='ocr_line' id='line_1_3' title="bbox 504 941 2765 1037; baseline -0.003 -22"><span class='ocrx_word' id='word_1_12' title='bbox 504 952 669 1037; x_wconf 77' lang='lat' dir='ltr'><strong>gitur</strong></span> <span class='ocrx_word' id='word_1_13' title='bbox 726 946 1144 1035; x_wconf 88' lang='lat' dir='ltr'><strong>jusjurandum</strong></span> <span class='ocrx_word' id='word_1_14' title='bbox 1220 945 1293 1008; x_wconf 85' lang='lat' dir='ltr'><strong>de</strong></span> <span class='ocrx_word' id='word_1_15' title='bbox 1341 967 1464 1029; x_wconf 92' lang='lat' dir='ltr'><strong>quo</strong></span> <span class='ocrx_word' id='word_1_16' title='bbox 1513 965 1710 1007; x_wconf 90' lang='lat' dir='ltr'><strong>sermo</strong></span> <span class='ocrx_word' id='word_1_17' title='bbox 1762 948 1853 1007; x_wconf 89' lang='lat' dir='ltr'><strong>est</strong></span> <span class='ocrx_word' id='word_1_18' title='bbox 1902 942 1965 1005; x_wconf 89' lang='lat' dir='ltr'><strong>in</strong></span> <span class='ocrx_word' id='word_1_19' title='bbox 2020 941 2238 1028; x_wconf 81' lang='lat' dir='ltr'><strong>Capite</strong></span> <span class='ocrx_word' id='word_1_20' title='bbox 2291 946 2373 1006; x_wconf 84' lang='lat'><strong>26</strong></span> <span class='ocrx_word' id='word_1_21' title='bbox 2428 943 2581 1028; x_wconf 88' lang='lat' dir='ltr'><strong>legis</strong></span> <span class='ocrx_word' id='word_1_22' title='bbox 2632 944 2765 1009; x_wconf 87' lang='lat' dir='ltr'><strong>Sal-</strong></span> 
     </span>
     <span class='ocr_line' id='line_1_4' title="bbox 503 1069 2763 1164; baseline -0.003 -22"><span class='ocrx_word' id='word_1_23' title='bbox 503 1099 837 1164; x_wconf 86' lang='lat' dir='ltr'><strong>pensanae,</strong></span> <span class='ocrx_word' id='word_1_24' title='bbox 915 1097 1035 1160; x_wconf 92' lang='lat' dir='ltr'><strong>quo</strong></span> <span class='ocrx_word' id='word_1_25' title='bbox 1085 1074 1216 1137; x_wconf 89' lang='lat' dir='ltr'><strong>loco</strong></span> <span class='ocrx_word' id='word_1_26' title='bbox 1265 1073 1352 1134; x_wconf 82' lang='lat' dir='ltr'><strong>ita</strong></span> <span class='ocrx_word' id='word_1_27' title='bbox 1426 1077 1676 1135; x_wconf 89' lang='lat' dir='ltr'><strong>cautum</strong></span> <span class='ocrx_word' id='word_1_28' title='bbox 1750 1075 1877 1133; x_wconf 87' lang='lat' dir='ltr'><strong>est:</strong></span> <span class='ocrx_word' id='word_1_29' title='bbox 1949 1069 2182 1148; x_wconf 88' lang='lat' dir='ltr'><strong>„IIviri</strong></span> <span class='ocrx_word' id='word_1_30' title='bbox 2233 1070 2339 1154; x_wconf 90' lang='lat' dir='ltr'><strong>qui</strong></span> <span class='ocrx_word' id='word_1_31' title='bbox 2386 1071 2452 1134; x_wconf 88' lang='lat' dir='ltr'><strong>in</strong></span> <span class='ocrx_word' id='word_1_32' title='bbox 2502 1092 2575 1135; x_wconf 93' lang='lat' dir='ltr'><strong>eo</strong></span> <span class='ocrx_word' id='word_1_33' title='bbox 2626 1094 2763 1137; x_wconf 90' lang='lat' dir='ltr'><strong>mu-</strong></span> 
     </span>
     <span class='ocr_line' id='line_1_5' title="bbox 502 1195 2759 1291; baseline -0.004 -21"><span class='ocrx_word' id='word_1_34' title='bbox 502 1204 734 1291; x_wconf 87' lang='lat' dir='ltr'><strong>nicipio</strong></span> <span class='ocrx_word' id='word_1_35' title='bbox 775 1202 895 1287; x_wconf 87' lang='lat' dir='ltr'><strong>juri</strong></span> <span class='ocrx_word' id='word_1_36' title='bbox 945 1200 1212 1263; x_wconf 89' lang='lat' dir='ltr'><strong>dicundo</strong></span> <span class='ocrx_word' id='word_1_37' title='bbox 1263 1205 1591 1283; x_wconf 83' lang='lat' dir='ltr'><strong>praesunt,</strong></span> <span class='ocrx_word' id='word_1_38' title='bbox 1642 1196 1789 1260; x_wconf 88' lang='lat' dir='ltr'><strong>item</strong></span> <span class='ocrx_word' id='word_1_39' title='bbox 1838 1195 2065 1259; x_wconf 84' lang='lat' dir='ltr'>aediles</span> <span class='ocrx_word' id='word_1_40' title='bbox 2115 1196 2320 1281; x_wconf 90' lang='lat' dir='ltr'><strong>quiin</strong></span> <span class='ocrx_word' id='word_1_41' title='bbox 2371 1219 2442 1260; x_wconf 92' lang='lat' dir='ltr'><strong>eo</strong></span> <span class='ocrx_word' id='word_1_42' title='bbox 2494 1198 2759 1262; x_wconf 88' lang='lat' dir='ltr'><strong>munici-</strong></span> 
     </span>
     <span class='ocr_line' id='line_1_6' title="bbox 504 1324 2760 1420; baseline -0.003 -24"><span class='ocrx_word' id='word_1_43' title='bbox 504 1334 608 1420; x_wconf 89' lang='lat' dir='ltr'><strong>pio</strong></span> <span class='ocrx_word' id='word_1_44' title='bbox 673 1338 845 1406; x_wconf 89' lang='lat' dir='ltr'><strong>sunt,</strong></span> <span class='ocrx_word' id='word_1_45' title='bbox 897 1329 1046 1392; x_wconf 90' lang='lat' dir='ltr'><strong>item</strong></span> <span class='ocrx_word' id='word_1_46' title='bbox 1096 1333 1446 1411; x_wconf 83' lang='lat' dir='ltr'><strong>quaestores</strong></span> <span class='ocrx_word' id='word_1_47' title='bbox 1508 1326 1615 1409; x_wconf 84' lang='lat' dir='ltr'><strong>qui</strong></span> <span class='ocrx_word' id='word_1_48' title='bbox 1679 1325 1743 1387; x_wconf 90' lang='lat' dir='ltr'><strong>in</strong></span> <span class='ocrx_word' id='word_1_49' title='bbox 1794 1347 1863 1388; x_wconf 89' lang='lat' dir='ltr'><strong>eo</strong></span> <span class='ocrx_word' id='word_1_50' title='bbox 1923 1324 2262 1409; x_wconf 89' lang='lat' dir='ltr'><strong>municipio</strong></span> <span class='ocrx_word' id='word_1_51' title='bbox 2311 1331 2491 1404; x_wconf 90' lang='lat' dir='ltr'><strong>sunt,</strong></span> <span class='ocrx_word' id='word_1_52' title='bbox 2542 1348 2760 1391; x_wconf 90' lang='lat' dir='ltr'><strong>eorum</strong></span> 
     </span>
     <span class='ocr_line' id='line_1_7' title="bbox 506 1450 2761 1543; baseline -0.003 -21"><span class='ocrx_word' id='word_1_53' title='bbox 506 1457 762 1543; x_wconf 89' lang='lat' dir='ltr'><strong>quisque</strong></span> <span class='ocrx_word' id='word_1_54' title='bbox 810 1456 876 1519; x_wconf 89' lang='lat' dir='ltr'><strong>in</strong></span> <span class='ocrx_word' id='word_1_55' title='bbox 925 1454 1136 1518; x_wconf 89' lang='lat' dir='ltr'><strong>diebus</strong></span> <span class='ocrx_word' id='word_1_56' title='bbox 1186 1452 1460 1536; x_wconf 89' lang='lat' dir='ltr'><strong>quinque</strong></span> <span class='ocrx_word' id='word_1_57' title='bbox 1511 1451 1801 1535; x_wconf 85' lang='lat' dir='ltr'><strong>proximis</strong></span> <span class='ocrx_word' id='word_1_58' title='bbox 1871 1458 2008 1535; x_wconf 88' lang='lat' dir='ltr'><strong>post</strong></span> <span class='ocrx_word' id='word_1_59' title='bbox 2057 1452 2215 1515; x_wconf 91' lang='lat' dir='ltr'><strong>hanc</strong></span> <span class='ocrx_word' id='word_1_60' title='bbox 2262 1450 2459 1536; x_wconf 88' lang='lat' dir='ltr'><strong>legem</strong></span> <span class='ocrx_word' id='word_1_61' title='bbox 2510 1452 2761 1532; x_wconf 84' lang='lat' dir='ltr'><strong>datam,</strong></span> 
     </span>
     <span class='ocr_line' id='line_1_8' title="bbox 504 1579 2761 1670; baseline -0.001 -22"><span class='ocrx_word' id='word_1_62' title='bbox 504 1585 735 1670; x_wconf 88' lang='lat' dir='ltr'><strong>quique</strong></span> <span class='ocrx_word' id='word_1_63' title='bbox 780 1582 995 1657; x_wconf 89' lang='lat' dir='ltr'><strong>IIviri,</strong></span> <span class='ocrx_word' id='word_1_64' title='bbox 1045 1579 1298 1656; x_wconf 87' lang='lat' dir='ltr'><strong>aediles,</strong></span> <span class='ocrx_word' id='word_1_65' title='bbox 1367 1586 1787 1662; x_wconf 87' lang='lat' dir='ltr'><strong>quaestoresve</strong></span> <span class='ocrx_word' id='word_1_66' title='bbox 1836 1585 2043 1661; x_wconf 89' lang='lat' dir='ltr'><strong>postea</strong></span> <span class='ocrx_word' id='word_1_67' title='bbox 2098 1601 2174 1642; x_wconf 85' lang='lat' dir='ltr'><strong>ex</strong></span> <span class='ocrx_word' id='word_1_68' title='bbox 2220 1579 2335 1642; x_wconf 89' lang='lat' dir='ltr'><strong>hac</strong></span> <span class='ocrx_word' id='word_1_69' title='bbox 2381 1579 2517 1665; x_wconf 86' lang='lat' dir='ltr'><strong>lege</strong></span> <span class='ocrx_word' id='word_1_70' title='bbox 2566 1582 2761 1645; x_wconf 87' lang='lat' dir='ltr'><strong>creati</strong></span> 
     </span>
     <span class='ocr_line' id='line_1_9' title="bbox 505 1704 2763 1792; baseline -0.001 -17"><span class='ocrx_word' id='word_1_71' title='bbox 505 1717 714 1789; x_wconf 89' lang='lat' dir='ltr'><strong>erunt,</strong></span> <span class='ocrx_word' id='word_1_72' title='bbox 765 1731 975 1773; x_wconf 88' lang='lat' dir='ltr'><strong>eorum</strong></span> <span class='ocrx_word' id='word_1_73' title='bbox 1024 1708 1276 1791; x_wconf 89' lang='lat' dir='ltr'><strong>quisque</strong></span> <span class='ocrx_word' id='word_1_74' title='bbox 1324 1706 1387 1769; x_wconf 91' lang='lat' dir='ltr'><strong>in</strong></span> <span class='ocrx_word' id='word_1_75' title='bbox 1424 1704 1641 1768; x_wconf 90' lang='lat' dir='ltr'><strong>diebus</strong></span> <span class='ocrx_word' id='word_1_76' title='bbox 1677 1704 1947 1790; x_wconf 88' lang='lat' dir='ltr'><strong>quinque</strong></span> <span class='ocrx_word' id='word_1_77' title='bbox 1995 1706 2289 1790; x_wconf 82' lang='lat' dir='ltr'><strong>proximis</strong></span> <span class='ocrx_word' id='word_1_78' title='bbox 2323 1727 2395 1770; x_wconf 85' lang='lat' dir='ltr'><strong>ex</strong></span> <span class='ocrx_word' id='word_1_79' title='bbox 2430 1730 2554 1792; x_wconf 92' lang='lat' dir='ltr'><strong>quo</strong></span> <span class='ocrx_word' id='word_1_80' title='bbox 2588 1708 2763 1773; x_wconf 84' lang='lat' dir='ltr'><strong>IIvir</strong></span> 
     </span>
     <span class='ocr_line' id='line_1_10' title="bbox 507 1833 2761 1918; baseline -0 -17"><span class='ocrx_word' id='word_1_81' title='bbox 507 1837 758 1914; x_wconf 81' lang='lat' dir='ltr'><strong>aedilis,</strong></span> <span class='ocrx_word' id='word_1_82' title='bbox 809 1840 1089 1918; x_wconf 77' lang='lat' dir='ltr'><strong>quaestor</strong></span> <span class='ocrx_word' id='word_1_83' title='bbox 1137 1854 1262 1897; x_wconf 89' lang='lat' dir='ltr'><strong>esse</strong></span> <span class='ocrx_word' id='word_1_84' title='bbox 1310 1833 1606 1915; x_wconf 89' lang='lat' dir='ltr'><strong>coeperit,</strong></span> <span class='ocrx_word' id='word_1_85' title='bbox 1684 1833 2035 1917; x_wconf 90' lang='lat' dir='ltr'><strong>priusquam</strong></span> <span class='ocrx_word' id='word_1_86' title='bbox 2093 1833 2445 1898; x_wconf 84' lang='lat' dir='ltr'><strong>decuriones</strong></span> <span class='ocrx_word' id='word_1_87' title='bbox 2495 1837 2761 1900; x_wconf 90' lang='lat' dir='ltr'><strong>conscri-</strong></span> 
     </span>
     <span class='ocr_line' id='line_1_11' title="bbox 509 1960 2763 2051; baseline 0 -23"><span class='ocrx_word' id='word_1_88' title='bbox 509 1965 674 2051; x_wconf 88' lang='lat' dir='ltr'><strong>ptive</strong></span> <span class='ocrx_word' id='word_1_89' title='bbox 723 1961 1087 2039; x_wconf 85' lang='lat' dir='ltr'><strong>habeantur,</strong></span> <span class='ocrx_word' id='word_1_90' title='bbox 1133 1960 1381 2044; x_wconf 81' lang='lat' dir='ltr'><strong>juranto</strong></span> <span class='ocrx_word' id='word_1_91' title='bbox 1430 1981 1541 2043; x_wconf 91' lang='lat' dir='ltr'><strong>pro</strong></span> <span class='ocrx_word' id='word_1_92' title='bbox 1591 1960 1880 2025; x_wconf 88' lang='lat' dir='ltr'><strong>contione</strong></span> <span class='ocrx_word' id='word_1_93' title='bbox 1929 1983 2036 2045; x_wconf 89' lang='lat' dir='ltr'><strong>per</strong></span> <span class='ocrx_word' id='word_1_94' title='bbox 2082 1960 2301 2026; x_wconf 86' lang='lat' dir='ltr'><strong>Jovem</strong></span> <span class='ocrx_word' id='word_1_95' title='bbox 2351 1968 2411 2026; x_wconf 88' lang='lat' dir='ltr'><strong>et</strong></span> <span class='ocrx_word' id='word_1_96' title='bbox 2446 1963 2617 2027; x_wconf 85' lang='lat' dir='ltr'><strong>dium</strong></span> <span class='ocrx_word' id='word_1_97' title='bbox 2651 1986 2763 2030; x_wconf 79' lang='lat' dir='ltr'><strong>AU-</strong></span> 
     </span>
     <span class='ocr_line' id='line_1_12' title="bbox 508 2087 2763 2156; baseline 0 -1"><span class='ocrx_word' id='word_1_98' title='bbox 508 2110 748 2156; x_wconf 78' lang='lat' dir='ltr'><strong>aus&#39;rtm</strong></span> <span class='ocrx_word' id='word_1_99' title='bbox 795 2095 855 2154; x_wconf 89' lang='lat' dir='ltr'><strong>et</strong></span> <span class='ocrx_word' id='word_1_100' title='bbox 902 2088 1115 2153; x_wconf 90' lang='lat' dir='ltr'><strong>divum</strong></span> <span class='ocrx_word' id='word_1_101' title='bbox 1177 2106 1498 2153; x_wconf 72' lang='lat' dir='ltr'><strong>cnmmuu</strong></span> <span class='ocrx_word' id='word_1_102' title='bbox 1547 2092 1608 2150; x_wconf 89' lang='lat' dir='ltr'><strong>et</strong></span> <span class='ocrx_word' id='word_1_103' title='bbox 1672 2087 1882 2151; x_wconf 87' lang='lat' dir='ltr'><strong>divum</strong></span> <span class='ocrx_word' id='word_1_104' title='bbox 1944 2106 2375 2153; x_wconf 64' lang='lat' dir='ltr'><strong>vaspasmmm</strong></span> <span class='ocrx_word' id='word_1_105' title='bbox 2421 2110 2763 2156; x_wconf 63' lang='lat' dir='ltr'><strong>aucusrnu</strong></span> 
     </span>
     <span class='ocr_line' id='line_1_13' title="bbox 507 2216 2764 2300; baseline -0.001 -16"><span class='ocrx_word' id='word_1_106' title='bbox 507 2226 569 2284; x_wconf 87' lang='lat' dir='ltr'><strong>et</strong></span> <span class='ocrx_word' id='word_1_107' title='bbox 616 2219 824 2284; x_wconf 86' lang='lat' dir='ltr'><strong>divum</strong></span> <span class='ocrx_word' id='word_1_108' title='bbox 872 2238 1068 2281; x_wconf 72' lang='lat' dir='ltr'><strong>‘rrum</strong></span> <span class='ocrx_word' id='word_1_109' title='bbox 1118 2235 1448 2281; x_wconf 72' lang='lat' dir='ltr'><strong>Anaus‘rum</strong></span> <span class='ocrx_word' id='word_1_110' title='bbox 1497 2221 1560 2279; x_wconf 89' lang='lat' dir='ltr'><strong>et</strong></span> <span class='ocrx_word' id='word_1_111' title='bbox 1606 2216 1854 2300; x_wconf 88' lang='lat' dir='ltr'><strong>genium</strong></span> <span class='ocrx_word' id='word_1_112' title='bbox 1881 2236 2221 2281; x_wconf 73' lang='lat' dir='ltr'><strong>Dom‘rum</strong></span> <span class='ocrx_word' id='word_1_113' title='bbox 2261 2237 2528 2282; x_wconf 75' lang='lat' dir='ltr'>AUGUSTI</span> <span class='ocrx_word' id='word_1_114' title='bbox 2560 2218 2764 2282; x_wconf 89' lang='lat' dir='ltr'><strong>Deos·</strong></span> 
     </span>
     <span class='ocr_line' id='line_1_14' title="bbox 506 2342 2758 2434; baseline -0.001 -22"><span class='ocrx_word' id='word_1_115' title='bbox 506 2370 626 2434; x_wconf 86' lang='lat' dir='ltr'><strong>que</strong></span> <span class='ocrx_word' id='word_1_116' title='bbox 672 2348 964 2411; x_wconf 83' lang='lat' dir='ltr'><strong>Penates:</strong></span> <span class='ocrx_word' id='word_1_117' title='bbox 1035 2366 1097 2408; x_wconf 90' lang='lat' dir='ltr'><strong>se</strong></span> <span class='ocrx_word' id='word_1_118' title='bbox 1162 2343 1573 2428; x_wconf 89' lang='lat' dir='ltr'><strong>quodcunque</strong></span> <span class='ocrx_word' id='word_1_119' title='bbox 1637 2366 1710 2407; x_wconf 84' lang='lat' dir='ltr'><strong>ex</strong></span> <span class='ocrx_word' id='word_1_120' title='bbox 1784 2342 1895 2407; x_wconf 89' lang='lat' dir='ltr'><strong>hac</strong></span> <span class='ocrx_word' id='word_1_121' title='bbox 1943 2343 2074 2429; x_wconf 86' lang='lat' dir='ltr'><strong>lege</strong></span> <span class='ocrx_word' id='word_1_122' title='bbox 2123 2366 2270 2408; x_wconf 84' lang='lat' dir='ltr'><strong>exve</strong></span> <span class='ocrx_word' id='word_1_123' title='bbox 2326 2367 2389 2408; x_wconf 89' lang='lat' dir='ltr'><strong>re</strong></span> <span class='ocrx_word' id='word_1_124' title='bbox 2438 2347 2758 2409; x_wconf 87' lang='lat' dir='ltr'><strong>communi</strong></span> 
     </span>
     <span class='ocr_line' id='line_1_15' title="bbox 507 2470 2763 2560; baseline 0 -20"><span class='ocrx_word' id='word_1_125' title='bbox 507 2475 892 2560; x_wconf 83' lang='lat' dir='ltr'><strong>municipum</strong></span> <span class='ocrx_word' id='word_1_126' title='bbox 973 2472 1289 2557; x_wconf 88' lang='lat' dir='ltr'><strong>municipii</strong></span> <span class='ocrx_word' id='word_1_127' title='bbox 1369 2470 1563 2535; x_wconf 78' lang='lat' dir='ltr'><strong>Flavii</strong></span> <span class='ocrx_word' id='word_1_128' title='bbox 1638 2471 1989 2556; x_wconf 90' lang='lat' dir='ltr'><strong>Salpensani</strong></span> <span class='ocrx_word' id='word_1_129' title='bbox 2055 2479 2334 2549; x_wconf 89' lang='lat' dir='ltr'><strong>censeat,</strong></span> <span class='ocrx_word' id='word_1_130' title='bbox 2402 2480 2565 2539; x_wconf 88' lang='lat' dir='ltr'><strong>recte</strong></span> <span class='ocrx_word' id='word_1_131' title='bbox 2624 2497 2763 2540; x_wconf 89' lang='lat' dir='ltr'><strong>esse</strong></span> 
     </span>
     <span class='ocr_line' id='line_1_16' title="bbox 502 2599 2763 2686; baseline 0 -18"><span class='ocrx_word' id='word_1_132' title='bbox 502 2603 806 2668; x_wconf 89' lang='lat' dir='ltr'><strong>facturum</strong></span> <span class='ocrx_word' id='word_1_133' title='bbox 856 2621 1050 2686; x_wconf 87' lang='lat' dir='ltr'><strong>neque</strong></span> <span class='ocrx_word' id='word_1_134' title='bbox 1101 2599 1386 2665; x_wconf 88' lang='lat' dir='ltr'><strong>adversus</strong></span> <span class='ocrx_word' id='word_1_135' title='bbox 1434 2600 1593 2665; x_wconf 88' lang='lat' dir='ltr'><strong>hanc</strong></span> <span class='ocrx_word' id='word_1_136' title='bbox 1641 2599 1838 2686; x_wconf 84' lang='lat' dir='ltr'><strong>legem</strong></span> <span class='ocrx_word' id='word_1_137' title='bbox 1887 2623 2083 2666; x_wconf 85' lang='lat' dir='ltr'><strong>remve</strong></span> <span class='ocrx_word' id='word_1_138' title='bbox 2118 2624 2502 2668; x_wconf 90' lang='lat' dir='ltr'><strong>communem</strong></span> <span class='ocrx_word' id='word_1_139' title='bbox 2553 2603 2763 2668; x_wconf 89' lang='lat' dir='ltr'><strong>muni-</strong></span> 
     </span>
     <span class='ocr_line' id='line_1_17' title="bbox 423 2721 2760 2817; baseline 0 -21"><span class='ocrx_word' id='word_1_140' title='bbox 423 2721 444 2751; x_wconf 66' lang='lat'><strong>⁹</strong></span> <span class='ocrx_word' id='word_1_141' title='bbox 503 2732 708 2817; x_wconf 85' lang='lat' dir='ltr'><strong>cipum</strong></span> <span class='ocrx_word' id='word_1_142' title='bbox 771 2731 898 2814; x_wconf 83' lang='lat' dir='ltr'><strong>ejus</strong></span> <span class='ocrx_word' id='word_1_143' title='bbox 965 2728 1283 2813; x_wconf 90' lang='lat' dir='ltr'><strong>municipii</strong></span> <span class='ocrx_word' id='word_1_144' title='bbox 1344 2729 1648 2793; x_wconf 88' lang='lat' dir='ltr'><strong>facturum</strong></span> <span class='ocrx_word' id='word_1_145' title='bbox 1697 2729 1985 2793; x_wconf 81' lang='lat' dir='ltr'><strong>scientem</strong></span> <span class='ocrx_word' id='word_1_146' title='bbox 2038 2729 2178 2794; x_wconf 93' lang='lat' dir='ltr'><strong>dolo</strong></span> <span class='ocrx_word' id='word_1_147' title='bbox 2228 2729 2421 2810; x_wconf 89' lang='lat' dir='ltr'><strong>malo,</strong></span> <span class='ocrx_word' id='word_1_148' title='bbox 2474 2753 2760 2817; x_wconf 86' lang='lat' dir='ltr'><strong>quosque</strong></span> 
     </span>
     <span class='ocr_line' id='line_1_18' title="bbox 499 2856 2762 2945; baseline 0 -22"><span class='ocrx_word' id='word_1_149' title='bbox 499 2857 819 2945; x_wconf 88' lang='lat' dir='ltr'><strong>prohibere</strong></span> <span class='ocrx_word' id='word_1_150' title='bbox 868 2857 1059 2942; x_wconf 90' lang='lat' dir='ltr'><strong>possit</strong></span> <span class='ocrx_word' id='word_1_151' title='bbox 1103 2856 1554 2941; x_wconf 90' lang='lat' dir='ltr'><strong>prohibiturum</strong></span> <span class='ocrx_word' id='word_1_152' title='bbox 1595 2857 1636 2940; x_wconf 87' lang='lat'><strong>¹)</strong></span> <span class='ocrx_word' id='word_1_153' title='bbox 1665 2903 1860 2920; x_wconf 92' lang='grc'><strong>.....</strong></span> <span class='ocrx_word' id='word_1_154' title='bbox 1912 2879 2108 2942; x_wconf 88' lang='lat' dir='ltr'><strong>neque</strong></span> <span class='ocrx_word' id='word_1_155' title='bbox 2178 2881 2240 2922; x_wconf 89' lang='lat' dir='ltr'><strong>se</strong></span> <span class='ocrx_word' id='word_1_156' title='bbox 2291 2857 2466 2922; x_wconf 86' lang='lat' dir='ltr'><strong>aliter</strong></span> <span class='ocrx_word' id='word_1_157' title='bbox 2514 2868 2762 2923; x_wconf 87' lang='lat' dir='ltr'><strong>senten-</strong></span> 
     </span>
     <span class='ocr_line' id='line_1_19' title="bbox 502 2984 2765 3071; baseline 0 -20"><span class='ocrx_word' id='word_1_158' title='bbox 502 2988 648 3051; x_wconf 84' lang='lat' dir='ltr'><strong>tiam</strong></span> <span class='ocrx_word' id='word_1_159' title='bbox 699 2985 1006 3050; x_wconf 85' lang='lat' dir='ltr'><strong>dicturum</strong></span> <span class='ocrx_word' id='word_1_160' title='bbox 1054 3008 1239 3071; x_wconf 90' lang='lat' dir='ltr'><strong>quam</strong></span> <span class='ocrx_word' id='word_1_161' title='bbox 1288 2991 1358 3047; x_wconf 91' lang='lat' dir='ltr'><strong>ut</strong></span> <span class='ocrx_word' id='word_1_162' title='bbox 1429 3005 1506 3047; x_wconf 85' lang='lat' dir='ltr'><strong>ex</strong></span> <span class='ocrx_word' id='word_1_163' title='bbox 1554 2984 1670 3048; x_wconf 89' lang='lat' dir='ltr'><strong>hac</strong></span> <span class='ocrx_word' id='word_1_164' title='bbox 1718 2984 1850 3070; x_wconf 89' lang='lat' dir='ltr'><strong>lege</strong></span> <span class='ocrx_word' id='word_1_165' title='bbox 1899 3007 2093 3070; x_wconf 87' lang='lat' dir='ltr'><strong>exque</strong></span> <span class='ocrx_word' id='word_1_166' title='bbox 2150 3007 2215 3049; x_wconf 91' lang='lat' dir='ltr'><strong>re</strong></span> <span class='ocrx_word' id='word_1_167' title='bbox 2264 2987 2575 3051; x_wconf 89' lang='lat' dir='ltr'><strong>communi</strong></span> <span class='ocrx_word' id='word_1_168' title='bbox 2628 3010 2765 3052; x_wconf 89' lang='lat' dir='ltr'><strong>mu-</strong></span> 
     </span>
     <span class='ocr_line' id='line_1_20' title="bbox 500 3110 1940 3200; baseline -0.003 -21"><span class='ocrx_word' id='word_1_169' title='bbox 500 3115 774 3200; x_wconf 90' lang='lat' dir='ltr'><strong>nicipum</strong></span> <span class='ocrx_word' id='word_1_170' title='bbox 825 3115 957 3199; x_wconf 87' lang='lat' dir='ltr'><strong>ejus</strong></span> <span class='ocrx_word' id='word_1_171' title='bbox 1005 3112 1332 3198; x_wconf 84' lang='lat' dir='ltr'><strong>municipii</strong></span> <span class='ocrx_word' id='word_1_172' title='bbox 1383 3119 1625 3176; x_wconf 85' lang='lat' dir='ltr'><strong>censeat</strong></span> <span class='ocrx_word' id='word_1_173' title='bbox 1672 3110 1853 3175; x_wconf 85' lang='lat' dir='ltr'><strong>fore&#39;’.</strong></span> <span class='ocrx_word' id='word_1_174' title='bbox 1892 3112 1940 3195; x_wconf 81' lang='lat'><strong>²)</strong></span> 
     </span>
    </p>

    <p class='ocr_par' dir='ltr' id='par_1_3' title="bbox 503 3239 2764 3581">
     <span class='ocr_line' id='line_1_21' title="bbox 693 3239 2763 3324; baseline 0.001 -20"><span class='ocrx_word' id='word_1_175' title='bbox 693 3240 985 3305; x_wconf 80' lang='lat' dir='ltr'><strong>Formula</strong></span> <span class='ocrx_word' id='word_1_176' title='bbox 1036 3240 1218 3304; x_wconf 90' lang='lat' dir='ltr'><strong>huius</strong></span> <span class='ocrx_word' id='word_1_177' title='bbox 1259 3239 1653 3324; x_wconf 89' lang='lat' dir='ltr'><strong>jurisjurandi</strong></span> <span class='ocrx_word' id='word_1_178' title='bbox 1704 3239 1947 3324; x_wconf 85' lang='lat' dir='ltr'><strong>saepius</strong></span> <span class='ocrx_word' id='word_1_179' title='bbox 2000 3245 2418 3324; x_wconf 86' lang='lat' dir='ltr'><strong>praeterquam</strong></span> <span class='ocrx_word' id='word_1_180' title='bbox 2475 3239 2763 3306; x_wconf 92' lang='lat' dir='ltr'><strong>hocloco</strong></span> 
     </span>
     <span class='ocr_line' id='line_1_22' title="bbox 504 3366 2764 3454; baseline 0 -21"><span class='ocrx_word' id='word_1_181' title='bbox 504 3369 570 3433; x_wconf 90' lang='lat' dir='ltr'><strong>in</strong></span> <span class='ocrx_word' id='word_1_182' title='bbox 613 3366 854 3453; x_wconf 88' lang='lat' dir='ltr'><strong>legibus</strong></span> <span class='ocrx_word' id='word_1_183' title='bbox 903 3366 1132 3432; x_wconf 82' lang='lat' dir='ltr'><strong>Flaviis</strong></span> <span class='ocrx_word' id='word_1_184' title='bbox 1163 3366 1426 3452; x_wconf 87' lang='lat' dir='ltr'><strong>legitur,</strong></span> <span class='ocrx_word' id='word_1_185' title='bbox 1477 3368 1704 3431; x_wconf 87' lang='lat' dir='ltr'><strong>scilicet</strong></span> <span class='ocrx_word' id='word_1_186' title='bbox 1753 3368 1819 3430; x_wconf 90' lang='lat' dir='ltr'><strong>in</strong></span> <span class='ocrx_word' id='word_1_187' title='bbox 1872 3367 2087 3450; x_wconf 86' lang='lat' dir='ltr'><strong>Capite</strong></span> <span class='ocrx_word' id='word_1_188' title='bbox 2140 3371 2223 3430; x_wconf 75' lang='lat'><strong>25</strong></span> <span class='ocrx_word' id='word_1_189' title='bbox 2276 3367 2429 3452; x_wconf 86' lang='lat' dir='ltr'><strong>legis</strong></span> <span class='ocrx_word' id='word_1_190' title='bbox 2488 3367 2653 3454; x_wconf 86' lang='lat' dir='ltr'><strong>Salp.</strong></span> <span class='ocrx_word' id='word_1_191' title='bbox 2696 3377 2764 3434; x_wconf 90' lang='lat' dir='ltr'><strong>et</strong></span> 
     </span>
     <span class='ocr_line' id='line_1_23' title="bbox 503 3480 2763 3581; baseline 0.001 -21"><span class='ocrx_word' id='word_1_192' title='bbox 503 3495 723 3581; x_wconf 86' lang='lat' dir='ltr'><strong>Capite</strong></span> <span class='ocrx_word' id='word_1_193' title='bbox 776 3498 860 3560; x_wconf 88' lang='lat'><strong>59</strong></span> <span class='ocrx_word' id='word_1_194' title='bbox 914 3494 1067 3581; x_wconf 85' lang='lat' dir='ltr'><strong>legis</strong></span> <span class='ocrx_word' id='word_1_195' title='bbox 1116 3480 1284 3572; x_wconf 67' lang='lat' dir='ltr'><strong>Mah</strong></span> <span class='ocrx_word' id='word_1_196' title='bbox 1337 3493 1422 3558; x_wconf 88' lang='lat' dir='ltr'><strong>ibi</strong></span> <span class='ocrx_word' id='word_1_197' title='bbox 1471 3518 1715 3580; x_wconf 90' lang='lat' dir='ltr'><strong>quoque</strong></span> <span class='ocrx_word' id='word_1_198' title='bbox 1763 3495 1871 3580; x_wconf 89' lang='lat' dir='ltr'><strong>qui</strong></span> <span class='ocrx_word' id='word_1_199' title='bbox 1920 3494 2255 3581; x_wconf 86' lang='lat' dir='ltr'><strong>praefectus</strong></span> <span class='ocrx_word' id='word_1_200' title='bbox 2314 3495 2763 3581; x_wconf 88' lang='lat' dir='ltr'><strong>relinquendus</strong></span> 
     </span>
    </p>
   </div>
   <div class='ocr_carea' id='block_1_3' title="bbox 504 3756 2772 4416">
    <p class='ocr_par' dir='ltr' id='par_1_4' title="bbox 504 3756 2772 4416">
     <span class='ocr_line' id='line_1_24' title="bbox 647 3756 2767 3824; baseline 0 -16"><span class='ocrx_word' id='word_1_201' title='bbox 647 3757 683 3821; x_wconf 86' lang='lat'><strong>¹)</strong></span> <span class='ocrx_word' id='word_1_202' title='bbox 753 3759 825 3808; x_wconf 88' lang='lat' dir='ltr'><strong>De</strong></span> <span class='ocrx_word' id='word_1_203' title='bbox 861 3758 1061 3824; x_wconf 86' lang='lat' dir='ltr'><strong>periodo</strong></span> <span class='ocrx_word' id='word_1_204' title='bbox 1098 3775 1218 3822; x_wconf 87' lang='lat' dir='ltr'><strong>quae</strong></span> <span class='ocrx_word' id='word_1_205' title='bbox 1254 3773 1382 3808; x_wconf 88' lang='lat' dir='ltr'><strong>nunc</strong></span> <span class='ocrx_word' id='word_1_206' title='bbox 1417 3759 1663 3822; x_wconf 71' lang='lat' dir='ltr'><strong>sequitur-2</strong></span> <span class='ocrx_word' id='word_1_207' title='bbox 1708 3774 1858 3822; x_wconf 90' lang='lat' dir='ltr'><strong>neque</strong></span> <span class='ocrx_word' id='word_1_208' title='bbox 1894 3774 1943 3807; x_wconf 89' lang='lat' dir='ltr'><strong>se</strong></span> <span class='ocrx_word' id='word_1_209' title='bbox 1992 3758 2132 3807; x_wconf 86' lang='lat' dir='ltr'><strong>aliter</strong></span> <span class='ocrx_word' id='word_1_210' title='bbox 2179 3757 2438 3806; x_wconf 83' lang='lat' dir='ltr'><strong>concilium</strong></span> <span class='ocrx_word' id='word_1_211' title='bbox 2476 3756 2767 3808; x_wconf 84' lang='lat' dir='ltr'><strong>habiturum</strong></span> 
     </span>
     <span class='ocr_line' id='line_1_25' title="bbox 504 3841 2765 3909; baseline 0 -16"><span class='ocrx_word' id='word_1_212' title='bbox 504 3859 658 3909; x_wconf 85' lang='lat' dir='ltr'><strong>neque</strong></span> <span class='ocrx_word' id='word_1_213' title='bbox 694 3844 916 3893; x_wconf 85' lang='lat' dir='ltr'><strong>daturum</strong></span> <span class='ocrx_word' id='word_1_214' title='bbox 953 3843 1128 3908; x_wconf 89' lang='lat' dir='ltr'><strong>quam&#39;’</strong></span> <span class='ocrx_word' id='word_1_215' title='bbox 1164 3849 1282 3902; x_wconf 65' lang='lat' dir='ltr'><strong>etc„</strong></span> <span class='ocrx_word' id='word_1_216' title='bbox 1339 3844 1429 3892; x_wconf 89' lang='lat' dir='ltr'><strong>hoc</strong></span> <span class='ocrx_word' id='word_1_217' title='bbox 1466 3844 1574 3892; x_wconf 87' lang='lat' dir='ltr'><strong>loco</strong></span> <span class='ocrx_word' id='word_1_218' title='bbox 1612 3860 1707 3892; x_wconf 90' lang='lat' dir='ltr'><strong>non</strong></span> <span class='ocrx_word' id='word_1_219' title='bbox 1744 3844 1882 3902; x_wconf 89' lang='lat' dir='ltr'><strong>dico,</strong></span> <span class='ocrx_word' id='word_1_220' title='bbox 1923 3843 2059 3907; x_wconf 88' lang='lat' dir='ltr'><strong>quia,</strong></span> <span class='ocrx_word' id='word_1_221' title='bbox 2099 3843 2317 3906; x_wconf 80' lang='lat' dir='ltr'><strong>quamvis</strong></span> <span class='ocrx_word' id='word_1_222' title='bbox 2354 3858 2411 3891; x_wconf 86' lang='lat' dir='ltr'><strong>ex</strong></span> <span class='ocrx_word' id='word_1_223' title='bbox 2445 3841 2566 3906; x_wconf 79' lang='lat' dir='ltr'><strong>legis</strong></span> <span class='ocrx_word' id='word_1_224' title='bbox 2602 3844 2765 3893; x_wconf 71' lang='lat' dir='ltr'><strong>verbis</strong></span> 
     </span>
     <span class='ocr_line' id='line_1_26' title="bbox 507 3927 2763 3994; baseline 0 -15"><span class='ocrx_word' id='word_1_225' title='bbox 507 3928 731 3992; x_wconf 81' lang='lat' dir='ltr'><strong>consequi</strong></span> <span class='ocrx_word' id='word_1_226' title='bbox 783 3928 999 3977; x_wconf 83' lang='lat' dir='ltr'><strong>videatur</strong></span> <span class='ocrx_word' id='word_1_227' title='bbox 1035 3944 1197 3978; x_wconf 90' lang='lat' dir='ltr'><strong>omnes</strong></span> <span class='ocrx_word' id='word_1_228' title='bbox 1232 3928 1536 3990; x_wconf 83' lang='lat' dir='ltr'><strong>magistratus</strong></span> <span class='ocrx_word' id='word_1_229' title='bbox 1572 3929 1641 3978; x_wconf 88' lang='lat' dir='ltr'><strong>ita</strong></span> <span class='ocrx_word' id='word_1_230' title='bbox 1671 3931 1863 3994; x_wconf 85' lang='lat' dir='ltr'><strong>jurare,</strong></span> <span class='ocrx_word' id='word_1_231' title='bbox 1898 3945 1996 3977; x_wconf 92' lang='lat' dir='ltr'><strong>non</strong></span> <span class='ocrx_word' id='word_1_232' title='bbox 2032 3933 2149 3993; x_wconf 88' lang='lat' dir='ltr'><strong>puto</strong></span> <span class='ocrx_word' id='word_1_233' title='bbox 2184 3927 2361 3976; x_wconf 82' lang='lat' dir='ltr'><strong>aediles</strong></span> <span class='ocrx_word' id='word_1_234' title='bbox 2402 3932 2450 3976; x_wconf 90' lang='lat' dir='ltr'><strong>et</strong></span> <span class='ocrx_word' id='word_1_235' title='bbox 2474 3933 2763 3990; x_wconf 74' lang='lat' dir='ltr'><strong>quaestores</strong></span> 
     </span>
     <span class='ocr_line' id='line_1_27' title="bbox 507 4011 2769 4079; baseline 0 -16"><span class='ocrx_word' id='word_1_236' title='bbox 507 4015 732 4063; x_wconf 86' lang='lat' dir='ltr'><strong>Senatum</strong></span> <span class='ocrx_word' id='word_1_237' title='bbox 769 4013 943 4061; x_wconf 86' lang='lat' dir='ltr'><strong>habere</strong></span> <span class='ocrx_word' id='word_1_238' title='bbox 980 4013 1055 4062; x_wconf 81' lang='lat' dir='ltr'><strong>vel</strong></span> <span class='ocrx_word' id='word_1_239' title='bbox 1093 4014 1204 4062; x_wconf 90' lang='lat' dir='ltr'><strong>dare</strong></span> <span class='ocrx_word' id='word_1_240' title='bbox 1241 4014 1453 4077; x_wconf 85' lang='lat' dir='ltr'><strong>potuisse</strong></span> <span class='ocrx_word' id='word_1_241' title='bbox 1465 4034 1478 4073; x_wconf 91' lang='lat'>;</span> <span class='ocrx_word' id='word_1_242' title='bbox 1518 4014 1871 4062; x_wconf 84' lang='lat' dir='ltr'><strong>animadvertas</strong></span> <span class='ocrx_word' id='word_1_243' title='bbox 1898 4014 2041 4062; x_wconf 78' lang='lat' dir='ltr'><strong>etiam</strong></span> <span class='ocrx_word' id='word_1_244' title='bbox 2075 4013 2227 4077; x_wconf 80' lang='lat' dir='ltr'><strong>legem</strong></span> <span class='ocrx_word' id='word_1_245' title='bbox 2256 4011 2599 4060; x_wconf 87' lang='lat' dir='ltr'><strong>Malacitanam</strong></span> <span class='ocrx_word' id='word_1_246' title='bbox 2622 4013 2769 4079; x_wconf 83' lang='lat' dir='ltr'><strong>(Cap.</strong></span> 
     </span>
     <span class='ocr_line' id='line_1_28' title="bbox 509 4096 2769 4163; baseline 0 -15"><span class='ocrx_word' id='word_1_247' title='bbox 509 4099 594 4159; x_wconf 83' lang='lat'><strong>68)</strong></span> <span class='ocrx_word' id='word_1_248' title='bbox 631 4097 800 4148; x_wconf 79' lang='lat' dir='ltr'><strong>IIviris</strong></span> <span class='ocrx_word' id='word_1_249' title='bbox 838 4102 1024 4147; x_wconf 88' lang='lat' dir='ltr'><strong>tantum</strong></span> <span class='ocrx_word' id='word_1_250' title='bbox 1061 4099 1334 4148; x_wconf 81' lang='lat' dir='ltr'><strong>facultatem</strong></span> <span class='ocrx_word' id='word_1_251' title='bbox 1369 4098 1504 4148; x_wconf 88' lang='lat' dir='ltr'><strong>illam</strong></span> <span class='ocrx_word' id='word_1_252' title='bbox 1539 4099 1802 4163; x_wconf 78' lang='lat' dir='ltr'><strong>impertire.</strong></span> <span class='ocrx_word' id='word_1_253' title='bbox 1872 4098 2076 4147; x_wconf 72' lang='lat' dir='ltr'><strong>Etiamei</strong></span> <span class='ocrx_word' id='word_1_254' title='bbox 2111 4097 2270 4146; x_wconf 86' lang='lat' dir='ltr'><strong>absint</strong></span> <span class='ocrx_word' id='word_1_255' title='bbox 2303 4096 2469 4156; x_wconf 86' lang='lat' dir='ltr'><strong>IIviri,</strong></span> <span class='ocrx_word' id='word_1_256' title='bbox 2510 4097 2688 4147; x_wconf 83' lang='lat' dir='ltr'><strong>aediles</strong></span> <span class='ocrx_word' id='word_1_257' title='bbox 2714 4103 2769 4148; x_wconf 80' lang='lat' dir='ltr'><strong>et</strong></span> 
     </span>
     <span class='ocr_line' id='line_1_29' title="bbox 508 4181 2770 4248; baseline -0 -15"><span class='ocrx_word' id='word_1_258' title='bbox 508 4185 783 4248; x_wconf 79' lang='lat' dir='ltr'><strong>quaestores</strong></span> <span class='ocrx_word' id='word_1_259' title='bbox 817 4198 913 4230; x_wconf 90' lang='lat' dir='ltr'><strong>non</strong></span> <span class='ocrx_word' id='word_1_260' title='bbox 951 4182 1128 4231; x_wconf 86' lang='lat' dir='ltr'><strong>habent</strong></span> <span class='ocrx_word' id='word_1_261' title='bbox 1162 4184 1418 4241; x_wconf 84' lang='lat' dir='ltr'><strong>Senatum,</strong></span> <span class='ocrx_word' id='word_1_262' title='bbox 1457 4200 1566 4232; x_wconf 87' lang='lat' dir='ltr'><strong>nam</strong></span> <span class='ocrx_word' id='word_1_263' title='bbox 1604 4184 1871 4247; x_wconf 87' lang='lat' dir='ltr'><strong>praefectus</strong></span> <span class='ocrx_word' id='word_1_264' title='bbox 1896 4183 2091 4245; x_wconf 87' lang='lat' dir='ltr'><strong>eligitur</strong></span> <span class='ocrx_word' id='word_1_265' title='bbox 2126 4181 2209 4246; x_wconf 88' lang='lat' dir='ltr'><strong>qui</strong></span> <span class='ocrx_word' id='word_1_266' title='bbox 2234 4182 2405 4230; x_wconf 91' lang='lat' dir='ltr'><strong>eodum</strong></span> <span class='ocrx_word' id='word_1_267' title='bbox 2425 4181 2537 4243; x_wconf 86' lang='lat' dir='ltr'><strong>jure</strong></span> <span class='ocrx_word' id='word_1_268' title='bbox 2562 4197 2664 4230; x_wconf 88' lang='lat' dir='ltr'><strong>esse</strong></span> <span class='ocrx_word' id='word_1_269' title='bbox 2678 4182 2770 4246; x_wconf 81' lang='lat' dir='ltr'><strong>ju-</strong></span> 
     </span>
     <span class='ocr_line' id='line_1_30' title="bbox 505 4265 2772 4332; baseline 0 -15"><span class='ocrx_word' id='word_1_270' title='bbox 505 4268 648 4317; x_wconf 88' lang='lat' dir='ltr'><strong>betur</strong></span> <span class='ocrx_word' id='word_1_271' title='bbox 682 4282 736 4315; x_wconf 89' lang='lat' dir='ltr'><strong>ac</strong></span> <span class='ocrx_word' id='word_1_272' title='bbox 771 4266 899 4314; x_wconf 76' lang='lat' dir='ltr'><strong>IIvir</strong></span> <span class='ocrx_word' id='word_1_273' title='bbox 934 4268 1144 4332; x_wconf 78' lang='lat' dir='ltr'><strong>exceptis</strong></span> <span class='ocrx_word' id='word_1_274' title='bbox 1179 4284 1245 4317; x_wconf 88' lang='lat' dir='ltr'><strong>sc.</strong></span> <span class='ocrx_word' id='word_1_275' title='bbox 1282 4268 1601 4332; x_wconf 80' lang='lat' dir='ltr'><strong>excipiendis;</strong></span> <span class='ocrx_word' id='word_1_276' title='bbox 1635 4269 1788 4332; x_wconf 84' lang='lat' dir='ltr'><strong>igitur</strong></span> <span class='ocrx_word' id='word_1_277' title='bbox 1810 4268 2078 4332; x_wconf 84' lang='lat' dir='ltr'><strong>praefectus</strong></span> <span class='ocrx_word' id='word_1_278' title='bbox 2114 4283 2301 4330; x_wconf 87' lang='lat' dir='ltr'><strong>quoque</strong></span> <span class='ocrx_word' id='word_1_279' title='bbox 2326 4267 2557 4314; x_wconf 90' lang='lat' dir='ltr'><strong>Senatum</strong></span> <span class='ocrx_word' id='word_1_280' title='bbox 2582 4265 2772 4318; x_wconf 84' lang='lat' dir='ltr'><strong>habere</strong></span> 
     </span>
     <span class='ocr_line' id='line_1_31' title="bbox 508 4350 2628 4416; baseline 0 -14"><span class='ocrx_word' id='word_1_281' title='bbox 508 4357 558 4402; x_wconf 87' lang='lat' dir='ltr'><strong>et</strong></span> <span class='ocrx_word' id='word_1_282' title='bbox 593 4351 704 4400; x_wconf 90' lang='lat' dir='ltr'><strong>dare</strong></span> <span class='ocrx_word' id='word_1_283' title='bbox 752 4350 910 4400; x_wconf 85' lang='lat' dir='ltr'><strong>debet.</strong></span> <span class='ocrx_word' id='word_1_284' title='bbox 945 4351 1123 4400; x_wconf 85' lang='lat' dir='ltr'><strong>Procul</strong></span> <span class='ocrx_word' id='word_1_285' title='bbox 1151 4351 1298 4401; x_wconf 89' lang='lat' dir='ltr'><strong>dubio</strong></span> <span class='ocrx_word' id='word_1_286' title='bbox 1325 4353 1608 4416; x_wconf 80' lang='lat' dir='ltr'><strong>negligentis</strong></span> <span class='ocrx_word' id='word_1_287' title='bbox 1647 4353 1877 4402; x_wconf 80' lang='lat' dir='ltr'><strong>orationis</strong></span> <span class='ocrx_word' id='word_1_288' title='bbox 1903 4353 1981 4401; x_wconf 90' lang='lat' dir='ltr'><strong>hic</strong></span> <span class='ocrx_word' id='word_1_289' title='bbox 2018 4351 2150 4400; x_wconf 90' lang='lat' dir='ltr'><strong>locus</strong></span> <span class='ocrx_word' id='word_1_290' title='bbox 2178 4351 2507 4400; x_wconf 85' lang='lat' dir='ltr'><strong>testimonium</strong></span> <span class='ocrx_word' id='word_1_291' title='bbox 2534 4353 2628 4402; x_wconf 86' lang='lat' dir='ltr'><strong>est.</strong></span> 
     </span>
    </p>
   </div>
   <div class='ocr_carea' id='block_1_4' title="bbox 511 4436 2775 4588">
    <p class='ocr_par' dir='ltr' id='par_1_5' title="bbox 511 4436 2775 4588">
     <span class='ocr_line' id='line_1_32' title="bbox 647 4436 2775 4504; baseline 0.002 -18"><span class='ocrx_word' id='word_1_292' title='bbox 647 4437 687 4500; x_wconf 78' lang='lat'><strong>²)</strong></span> <span class='ocrx_word' id='word_1_293' title='bbox 763 4437 836 4486; x_wconf 81' lang='lat' dir='ltr'><strong>De</strong></span> <span class='ocrx_word' id='word_1_294' title='bbox 869 4437 1123 4488; x_wconf 81' lang='lat' dir='ltr'><strong>sententiis</strong></span> <span class='ocrx_word' id='word_1_295' title='bbox 1160 4455 1186 4488; x_wconf 88' lang='lat' dir='ltr'><strong>a</strong></span> <span class='ocrx_word' id='word_1_296' title='bbox 1223 4438 1581 4503; x_wconf 82' lang='lat' dir='ltr'><strong>magistratibus</strong></span> <span class='ocrx_word' id='word_1_297' title='bbox 1618 4440 1830 4490; x_wconf 89' lang='lat' dir='ltr'><strong>dicendis</strong></span> <span class='ocrx_word' id='word_1_298' title='bbox 1882 4455 2028 4504; x_wconf 88' lang='lat' dir='ltr'><strong>supra</strong></span> <span class='ocrx_word' id='word_1_299' title='bbox 2055 4437 2160 4501; x_wconf 81' lang='lat' dir='ltr'><strong>jam</strong></span> <span class='ocrx_word' id='word_1_300' title='bbox 2196 4436 2454 4502; x_wconf 86' lang='lat' dir='ltr'><strong>disputavi.</strong></span> <span class='ocrx_word' id='word_1_301' title='bbox 2492 4436 2592 4487; x_wconf 79' lang='lat' dir='ltr'><strong>vid.</strong></span> <span class='ocrx_word' id='word_1_302' title='bbox 2633 4436 2775 4491; x_wconf 68' lang='lat' dir='ltr'><strong>Diu.</strong></span> 
     </span>
     <span class='ocr_line' id='line_1_33' title="bbox 511 4519 915 4588; baseline -0.002 -17"><span class='ocrx_word' id='word_1_303' title='bbox 511 4539 559 4588; x_wconf 89' lang='lat' dir='ltr'><strong>p.</strong></span> <span class='ocrx_word' id='word_1_304' title='bbox 597 4519 686 4580; x_wconf 82' lang='lat'><strong>70,</strong></span> <span class='ocrx_word' id='word_1_305' title='bbox 727 4524 828 4571; x_wconf 86' lang='lat' dir='ltr'><strong>not.</strong></span> <span class='ocrx_word' id='word_1_306' title='bbox 869 4523 915 4571; x_wconf 84' lang='lat'><strong>3.</strong></span> 
     </span>
    </p>
   </div>
  </div>
 </body>
</html>
