3027 5263
1355 581 1436 644 57

219 859 230 868 .
274 773 489 852 issent,
542 771 754 858 procul
805 770 992 835 dubio
1039 771 1163 836 sive
1227 772 1293 835 in
1356 771 1595 857 legibus
1658 773 2128 859 municipalibus
2192 774 2344 859 ipsis
2396 775 2521 838 sive

275 900 437 986 apud
487 920 779 976 PLINIUM,
831 898 939 962 ubi
985 897 1256 984 loquitur
1306 899 1380 962 de
1427 899 1595 964 Latii
1638 900 1772 985 jure
1807 899 2143 986 Hispaniae
2176 899 2411 965 tributo
2455 901 2517 984 ¹),

271 1028 500 1092 mentio
548 1027 786 1112 majoris
835 1025 997 1090 Latii
1047 1026 1204 1090 facta
1234 1025 1471 1092 fuisset.
1524 1026 1710 1107 Quod
1759 1049 1897 1092 cum
1946 1027 2174 1092 factum
2222 1049 2347 1091 non
2400 1027 2519 1107 sit,

275 1177 474 1238 neque
519 1175 778 1239 usquam
825 1160 964 1220 ante
1030 1161 1421 1218 monumenta
1485 1153 1825 1239 Hispanica
1870 1161 2109 1240 reperta
2155 1159 2523 1218 memoretur

278 1282 663 1369 privilegium
727 1282 1048 1368 Salpensae
1098 1289 1158 1346 et
1220 1281 1495 1346 Malacae
1545 1282 1755 1347 edictis
1804 1291 1866 1348 et
1911 1283 2043 1368 lege
2092 1282 2339 1360 datum,
2389 1303 2526 1366 pro·

279 1410 536 1476 habilior
583 1410 736 1474 mihi
785 1410 934 1472 haec
983 1409 1305 1494 explicatio
1355 1409 1626 1472 videtur:

469 1538 808 1622 Imperator
869 1555 1274 1600 VESPASIANUS
1341 1535 1682 1620 Hispaniae
1746 1541 1807 1599 et
1870 1535 2223 1620 municipiis
2285 1557 2527 1620 quoque

283 1663 383 1728 his
429 1665 534 1748 jus
581 1663 750 1727 Latii
797 1661 1170 1726 coloniarum
1218 1661 1434 1724 tribuit
1449 1688 1468 1739 3
1548 1661 1647 1725 his
1694 1667 1900 1726 tamen
1950 1661 2247 1726 concessit
2292 1661 2529 1747 privile-

275 1792 454 1878 gium
504 1789 670 1876 quod
719 1794 1083 1872 memoratur
1131 1790 1195 1851 in
1244 1788 1458 1873 Capite
1509 1792 1634 1867 21,
1663 1789 1861 1873 iisque
1886 1810 1920 1852 a
1948 1809 2302 1854 Dom‘rnmo
2332 1788 2527 1853 vindi-

281 1926 483 1984 catum
535 1922 628 1981 est
676 1923 737 1980 et
784 1915 984 1980 edicto
1033 1921 1094 1978 et
1141 1914 1294 2000 lege.
1392 1915 1542 1978 Tam
1608 1937 1786 2000 saepe
1834 1921 2044 2000 postea
2089 1917 2339 1982 fortasse
2388 1938 2528 1981 cum

280 2045 391 2110 illo
438 2044 607 2109 Latii
650 2044 782 2128 jure
832 2043 1225 2126 conjunctum
1291 2041 1551 2107 dabatur
1614 2041 2007 2128 privilegium
2056 2042 2215 2107 illud
2264 2051 2333 2109 ut
2380 2050 2532 2106 tem-

280 2196 429 2259 pore
479 2173 632 2237 GA11
680 2178 840 2236 recte
887 2171 1084 2235 maius
1130 2170 1383 2235 Latium
1429 2170 1633 2235 vocari
1678 2176 1917 2256 posset,
1972 2193 2109 2235 cum
2162 2171 2366 2235 minus
2414 2171 2532 2235 La·

284 2301 444 2366 tium
494 2300 799 2366 diceretur
839 2300 939 2383 jus
986 2298 1180 2378 Latii,
1232 2321 1357 2364 non
1393 2298 1603 2362 addito
1650 2298 1757 2362 illo
1786 2300 1923 2384 jure
1966 2300 2135 2384 quod
2184 2299 2535 2363 continetur

285 2428 502 2514 Capite
554 2430 663 2492 21.

273 2527 278 2532 ⁸
477 2553 611 2619 Hac
682 2552 1092 2640 disputatione
1165 2554 1241 2618 ad
1315 2555 1506 2619 finem·
1572 2554 1861 2641 perducta
1918 2555 1993 2618 de
2044 2554 2177 2641 jure
2234 2555 2538 2618 honorum

286 2682 672 2767 municipum
719 2682 1221 2746 Malacitanorum
1273 2689 1332 2747 et
1395 2682 1911 2769 Salpensanorum
1959 2683 2035 2747 de
2102 2682 2537 2768 effectibusque

286 2813 677 2898 magistratus
742 2812 992 2896 gerendi
1057 2812 1122 2875 in
1186 2811 1537 2898 municipiis
1600 2812 1840 2876 Latinis
1907 2811 2111 2876 edocti
2178 2834 2425 2890 sumus3
2491 2812 2540 2875 si

293 2961 436 3004 vero
483 2939 679 3003 fusius
729 2937 982 3003 fortasse
1030 2959 1210 3022 quam
1261 2960 1366 3022 par
1417 2943 1542 3002 erat
1592 2937 1668 3002 de
1715 2939 1833 3003 hoc
1880 2945 2235 3023 argumento
2266 2938 2541 3022 disputa-

293 3068 512 3144 verim,
581 3066 795 3131 saltem
844 3088 914 3130 eo
975 3066 1248 3130 excusari
1314 3065 1555 3145 videor,
1623 3065 1786 3151 quod
1853 3066 2045 3131 multa
2093 3088 2250 3131 nova
2300 3088 2367 3129 ea
2421 3088 2539 3149 que

290 3195 499 3280 magni
550 3193 843 3258 momenti
896 3215 971 3257 ex
1018 3194 1132 3257 hac
1181 3192 1332 3279 legis
1381 3193 1786 3279 Salpensanae
1836 3200 2004 3279 parte
2055 3193 2360 3258 discimus

478 3320 519 3385 J
525 3343 628 3385 ura
651 3319 896 3407 publica
921 3320 1301 3405 municipum
1329 3320 1783 3405 incolarumque
1802 3369 1821 3400 ‚
1848 3321 1913 3385 in
1942 3322 2292 3385 universum
2325 3318 2540 3406 populi

290 3457 499 3537 partes
547 3450 612 3513 in
648 3448 961 3535 republica
1007 3449 1489 3513 administranda
1537 3450 1800 3514 indicare
1843 3457 2098 3515 conatus
2131 3472 2295 3528 sum,
2350 3470 2538 3532 quare

283 3580 411 3664 jam
461 3578 762 3665 agendum
810 3578 923 3641 erit
956 3577 1032 3640 de
1064 3584 1277 3641 senatu
1312 3583 1372 3641 et
1407 3578 1480 3641 de
1512 3578 1980 3664 magistratibus·
2030 3576 2401 3641 Addendum
2448 3581 2539 3640 ta-

289 3729 432 3771 men
480 3706 596 3770 hoc
643 3706 775 3769 loco
824 3704 1160 3791 municipes
1211 3712 1271 3769 et
1303 3707 1529 3770 incolas
1579 3706 1863 3771 omnibus
1908 3705 2263 3769 muneribus
2306 3705 2371 3768 in
2409 3725 2540 3769 mu-

288 3833 543 3920 nicipiis
593 3833 822 3897 Flaviis
869 3833 1047 3919 fungi
1098 3833 1402 3899 debuisse.
1485 3836 1663 3899 Licet
1710 3834 1966 3899 totidem
2015 3831 2212 3898 verbis
2262 3832 2536 3898 officium

431 4324 468 4385 ¹)
535 4324 752 4374 Pmmus
789 4325 1004 4374 civitates
1039 4341 1308 4377 memorans
1345 4344 1465 4391 quae
1499 4326 1852 4378 Latinitatema
1874 4338 2185 4376 vaspasuno
2222 4330 2529 4391 acceperant,

281 4412 344 4459 iis
382 4409 584 4473 opponit
629 4410 806 4474 oppida
839 4411 1103 4473 antiquitus
1138 4412 1277 4461 Latio
1329 4413 1528 4471 donata3
1578 4428 1656 4462 eas
1692 4413 1834 4463 modo
1870 4412 2089 4467 distinxit
2127 4413 2315 4462 ratione
2350 4415 2529 4476 tempo·

281 4494 352 4543 ris
389 4509 483 4556 quo
519 4493 593 4541 ius
629 4494 757 4543 Latii
796 4494 995 4559 adeptae
1034 4501 1192 4545 erant.
