3027 5263
1564 546 1649 607 86

477 746 884 832 ingenuorum
957 761 1086 805 esse
1134 736 1487 824 oportebat,
1562 734 1636 798 de
1708 755 1829 818 quo
1879 733 1944 796 in
1996 732 2116 797 alia
2180 732 2333 818 legis
2383 735 2551 817 parte
2604 736 2745 797 erat

477 878 764 951 cautum,
818 890 998 954 quam
1049 866 1308 951 graviter
1359 862 1632 927 dolemus
1681 867 1939 927 aetatem
1988 883 2111 924 non
2163 859 2393 924 tulisse.

666 997 743 1061 In
791 1008 962 1082 parte
999 994 1230 1079 Capitis
1278 991 1555 1076 sequenti
1586 994 1973 1054 recensentur
2004 1010 2216 1053 causae
2250 987 2521 1051 diversae
2554 1008 2744 1071 prop-

476 1132 570 1191 ter
601 1147 751 1209 quas
783 1146 818 1187 a
852 1122 1102 1187 diversis
1137 1118 1589 1205 magistratibus
1639 1125 1959 1181 arceantur
1993 1114 2297 1179 nonnulli.
2346 1113 2443 1177 Ita
2477 1120 2739 1179 cautum

475 1258 566 1318 est
628 1252 696 1316 in
760 1252 930 1335 lege:
999 1249 1270 1328 „dumne
1321 1246 1713 1331 (praecedunt
1765 1244 1946 1308 verba
1997 1243 2177 1307 modo
2227 1240 2497 1326 laudata)
2552 1240 2738 1305 cuius

479 1379 744 1445 comitiis
796 1378 1088 1443 rationem
1139 1375 1360 1439 habeat
1390 1374 1468 1459 ¹),
1535 1373 1641 1457 qui
1689 1372 1760 1435 ΙΙ
1810 1372 2070 1435 vitatum
2120 1378 2318 1455 petet,
2372 1369 2481 1453 qui
2530 1369 2739 1432 minor

479 1508 562 1569 25
640 1527 937 1569 annorum
1011 1504 1124 1567 erit
1203 1502 1382 1586 quive
1454 1501 1615 1563 intra
1690 1498 2181 1583 quinquennium
2254 1496 2319 1559 in
2384 1518 2456 1559 eo
2506 1494 2741 1559 honore

471 1634 689 1710 fuerit3
763 1631 912 1696 item
963 1630 1070 1714 qui
1120 1628 1527 1705 aedilitatem,
1602 1632 2063 1710 quaesturamve
2138 1630 2303 1710 petet
2373 1624 2482 1708 qui
2529 1622 2736 1686 minor

479 1781 774 1825 annorum
828 1760 912 1821 25
966 1755 1116 1832 erit,
1169 1756 1349 1838 quive
1397 1756 1460 1817 in
1513 1776 1716 1817 earum
1751 1776 1871 1837 qua
1906 1775 2083 1816 causa
2118 1752 2231 1816 erit
2263 1758 2513 1837 propter
2546 1772 2736 1835 quam

479 1887 531 1949 si
583 1886 732 1949 civis
778 1885 1092 1948 Romanus
1144 1888 1298 1945 esset
1347 1881 1410 1943 in
1460 1904 1709 1945 numero
1746 1880 2137 1944 decurionum
2176 1879 2737 1964 conscriptorumve

483 2035 626 2077 eum
700 2034 825 2075 esse
897 2032 1021 2074 non
1097 2006 1364 2073 liceret.’'
1459 2007 1641 2093 Legis
1690 2007 1869 2072 verba
1918 2030 2071 2093 quae
2119 2008 2233 2072 hac
2282 2006 2518 2091 Capitis
2565 2012 2742 2092 parte

487 2138 876 2205 continentur
924 2137 1002 2201 ad
1034 2135 1307 2220 singulos
1358 2135 1740 2219 magistratus
1789 2136 2097 2221 pertinent
2123 2136 2208 2219 ²),
2260 2142 2319 2199 et
2369 2134 2446 2199 ad
2480 2134 2741 2197 diversa

489 2290 644 2353 quae
677 2267 745 2330 in
773 2266 1046 2352 personis
1080 2263 1458 2348 singulorum
1488 2263 1948 2327 candidatorum
1974 2263 2398 2349 requirantur3
2427 2261 2738 2326 nihilomi-

486 2416 607 2458 nus
657 2393 774 2457 hoc
803 2391 940 2455 loco
968 2390 1252 2455 omnibus
1280 2390 1529 2454 omnino
1556 2390 1806 2453 eandem
1834 2397 2090 2454 aetatem
2116 2394 2404 2453 statutam
2442 2390 2737 2453 videmus.

493 2520 882 2601 Quicumque
932 2518 1093 2581 enim
1127 2523 1216 2581 est
1245 2517 1440 2581 minor
1479 2521 1561 2580 25
1600 2540 1895 2581 annorum
1924 2540 1955 2579 a
1980 2516 2275 2602 petitione
2302 2516 2739 2601 cuiuscumque

493 2646 884 2732 magistratus
957 2649 1228 2720 arcetur,
1302 2644 1677 2728 praefectura
1726 2652 2011 2730 excepta,
2063 2645 2138 2708 de
2186 2667 2306 2729 qua
2355 2666 2494 2709 mox
2541 2667 2741 2731 agam.

463 2775 678 2842 ,Aetas
747 2775 832 2835 25
905 2793 1202 2834 annorum
1271 2771 1476 2835 eadem
1544 2778 1669 2835 erat
1737 2795 1891 2857 quae
1948 2773 2195 2836 omnino
2260 2773 2323 2836 in
2396 2771 2513 2836 hac
2562 2794 2741 2838 causa

495 2901 868 2986 praescripta
915 2905 1044 2962 erat
1092 2898 1157 2962 in
1207 2899 1561 2984 municipiis
1590 2899 1675 2982 3),
1762 2899 1968 2963 eadem
2020 2922 2264 2984 quoque
2312 2923 2495 2984 quam
2545 2901 2744 2986 Impe-

489 3036 654 3094 rator
717 3047 1030 3092 AUGUSTUS
1079 3026 1457 3092 senatoribus
1507 3034 1569 3092 et
1616 3027 2033 3113 quaestoribus
2085 3029 2475 3092 constituerat
2502 3029 2569 3114 4).
2642 3030 2742 3096 Ita

487 3156 716 3220 Romae
767 3177 889 3218 non
935 3177 1169 3240 semper
1217 3154 1353 3218 fuit.
1455 3155 1639 3218 Aetas
1689 3177 1809 3239 qua
1845 3175 2068 3219 cronno
2118 3155 2518 3235 aedilitatem,
2570 3179 2741 3242 prae-

488 3289 722 3359 turam,
791 3281 1174 3346 consulatum
1224 3282 1492 3366 accepit,
1536 3282 1706 3367 jure,
1762 3289 1830 3345 ut
1880 3283 2116 3346 videtur
2165 3306 2275 3368 pro
2325 3306 2535 3348 norma
2585 3291 2745 3350 aeta-

495 3409 574 3474 tis
625 3408 914 3486 habetur,
981 3431 1100 3494 qua
1164 3409 1424 3474 honores
1473 3409 1689 3506 deferri
1738 3410 2016 3474 solerent.
2115 3409 2341 3475 Narrat
2390 3412 2552 3476 enim
2576 3412 2628 3498 ⁵)
2680 3435 2745 3477 se

640 3611 672 3671 ¹)
741 3610 885 3658 Ratio
924 3625 1018 3658 non
1055 3608 1218 3656 haberi
1255 3608 1398 3673 vulgo
1436 3609 1611 3657 dicitur
1652 3609 1751 3658 eius
1791 3609 1868 3673 qui
1906 3609 2175 3658 excluditur
2198 3625 2224 3657 a
2250 3626 2451 3659 numero
2477 3613 2746 3675 petentium

495 3696 555 3745 ab
592 3711 647 3744 eo
684 3696 764 3759 qui
807 3695 999 3745 comitia
1037 3693 1204 3751 habet,
1246 3693 1350 3741 vide
1387 3707 1571 3741 Lrvruir
1608 3694 1713 3743 Lib.
1752 3693 1798 3744 7.
1837 3695 1951 3766 (Jap.
1992 3695 2084 3751 223
2123 3697 2151 3742 8
2182 3694 2299 3758 Cap.
2330 3695 2412 3753 15;
2453 3695 2515 3745 27
2544 3696 2661 3760 Cap.
2697 3699 2752 3750 6.

495 3779 708 3829 Eandem
729 3780 918 3831 dicendi
954 3778 1191 3828 rationem
1229 3778 1370 3826 habet
1408 3778 1570 3826 tabula
1609 3779 1962 3838 Heracleensis,
2006 3779 2112 3827 vide
2149 3779 2263 3844 Cap.
2303 3781 2358 3838 9;
2398 3781 2458 3830 cf.
2492 3795 2749 3833 nmcxsmz

497 3865 546 3912 in
587 3864 769 3926 Operez
809 3864 875 3911 ad
909 3865 1001 3913 tab.
1039 3863 1232 3912 Heracl.
1272 3879 1320 3926 p.
1359 3863 1483 3920 165,
1530 3863 1642 3910 166.

645 3947 684 4006 ²)
753 3947 836 3995 Me
884 3946 1045 4009 jndice
1100 3949 1223 3994 enim
1263 3947 1431 4011 procul
1481 3947 1626 3996 dubio
1668 3949 1802 3996 verba
1839 3962 1962 4011 quae
1998 3948 2059 3997 ad
2096 3948 2237 3996 finem
2274 3941 2455 4013 Capitis
2490 3949 2750 4012 leguntur:

499 4031 675 4096 „quive
711 4031 760 4079 in
799 4046 961 4079 earum
997 4047 1088 4094 qua
1125 4047 1268 4080 causa
1317 4032 1463 4090 erit‚”
1501 4039 1594 4082 etc.
1650 4037 1837 4080 tantum
1878 4033 1937 4082 ad
1972 4033 2151 4082 aediles
2186 4037 2234 4082 et
2270 4040 2545 4097 quaestores
2580 4037 2751 4088 referri

497 4118 700 4183 possunt
753 4131 906 4178 neque
958 4115 1016 4162 ad
1072 4116 1254 4164 IIviros
1309 4121 1553 4180 spectant3
1614 4118 1755 4166 verba
1810 4117 1925 4182 legis
1960 4122 2148 4166 tantum
2202 4119 2471 4182 significare
2519 4125 2750 4185 possunt:

501 4203 770 4251 Arceantur
805 4201 865 4248 ab
903 4200 1142 4249 aedilitate
1179 4205 1226 4250 et
1263 4205 1546 4265 quaestura,
1595 4203 1674 4266 qui
1715 4203 1873 4251 minor
1908 4209 1981 4251 est
2015 4203 2078 4252 25
2118 4219 2356 4252 annorum
2394 4202 2466 4252 vel
2503 4203 2545 4252 is
2582 4205 2667 4268 qui
2702 4205 2754 4257 in

498 4301 664 4336 earum
701 4301 793 4350 qua
829 4301 972 4334 causa
1007 4286 1100 4334 erit
1135 4289 1229 4336 etc.
1522 4287 1561 4349 ³)
1636 4288 1739 4338 vid.
1778 4288 1869 4353 leg.
1908 4290 1953 4338 8.
1990 4287 2050 4340 D.
2088 4289 2147 4338 de
2180 4303 2308 4338 mun.
2344 4292 2393 4338 et
2424 4289 2535 4339 hon.
2572 4291 2758 4358 (50.4).

636 4368 680 4432 4)
752 4369 870 4418 Vide
908 4383 1052 4420 oron.
1090 4383 1230 4420 cAss.
1262 4370 1368 4421 Lib.
1407 4372 1486 4422 51.
1524 4372 1641 4437 Cap.
1682 4374 1762 4423 20.
2264 4395 2277 4407 -

644 4455 682 4519 ὃ)
752 4455 810 4506 In
849 4455 984 4505 Orat.
1021 4456 1080 4504 de
1115 4457 1214 4520 leqe
1247 4473 1408 4519 ayrar.
1445 4456 1522 4516 11,
1564 4457 1677 4522 Cap.
1718 4458 1765 4506 2.
