3027 5263
1618 636 1705 696 84

535 854 653 919 que
699 850 954 895 numero
1003 826 1228 893 aediles
1291 832 1356 891 et
1403 832 1749 911 quaestores
1758 850 1779 905 3
1830 826 1906 890 de
1954 826 2277 892 ordinariis
2323 834 2569 893 tantum
2617 829 2789 908 dic0,

533 980 672 1024 nam
744 957 810 1022 in
882 956 1084 1019 locum
1131 952 1398 1019 absentis
1443 952 1630 1019 IIviri
1648 1002 1668 1033 ‚
1750 953 1875 1017 sive
1940 954 2017 1019 ab
2077 954 2452 1041 Imperatore
2500 956 2790 1043 praefecti

531 1085 655 1170 juri
705 1081 972 1148 dicundo
1023 1079 1396 1167 eligebantur
1442 1102 1907 1164 nonnunquam.

723 1210 852 1291 Qui
917 1208 1278 1295 magistratu
1347 1208 1474 1273 sive
1524 1208 1750 1271 honore
1788 1207 1833 1291 ¹)
1885 1207 2165 1293 fungitur
2217 1209 2276 1273 ei
2334 1207 2787 1275 administratio

531 1336 902 1425 reipublicae
975 1334 1305 1421 competit3
1371 1356 1452 1398 ne
1497 1340 1702 1399 tamen
1750 1356 2027 1420 quaeque
2073 1334 2448 1419 reipublicae
2497 1338 2787 1402 adminis-

535 1466 716 1531 tratio
764 1466 958 1528 honor
1005 1464 1084 1528 sit
1143 1460 1496 1538 habendus,
1560 1460 1705 1525 facit
1756 1461 2070 1526 distinctio
2118 1462 2418 1527 honorum
2468 1472 2529 1527 et
2576 1486 2786 1529 mune·

536 1616 702 1671 rum,
776 1614 931 1678 quae
980 1592 1070 1655 ita
1119 1589 1360 1654 differre
1417 1589 1739 1668 docemur,
1796 1596 1865 1653 ut
1929 1588 2145 1654 honori
2192 1588 2415 1674 gradus
2465 1590 2789 1677 dignitatis

535 1720 813 1799 accedat,
863 1740 984 1803 qua
1034 1723 1276 1781 careant
1324 1716 1368 1781 ii
1417 1717 1526 1801 qui
1576 1738 1825 1781 munere
1874 1716 2138 1801 quodam
2185 1716 2525 1803 fungantur
2557 1719 2631 1803 ²).

724 1844 1192 1929 Magistratibus
1257 1844 1366 1928 qui
1413 1844 1478 1907 in
1526 1843 1885 1929 municipiis
1930 1843 2161 1908 Flaviis
2208 1844 2497 1924 aderant,
2550 1844 2789 1911 diversa

535 1972 734 2037 officia
811 1970 1281 2051 incumbebant,
1357 1976 1747 2055 potestasque
1821 1970 2000 2035 etiam
2075 1993 2283 2035 eorum
2349 1993 2595 2057 prorsus
2662 1978 2791 2037 erat

535 2099 784 2164 diversa.
883 2098 1093 2183 Hujus
1170 2096 1404 2161 ratione
1467 2096 1677 2161 habita
1726 2095 2171 2180 quodammodo
2221 2096 2604 2183 magistratus
2656 2120 2792 2163 mu-

533 2225 826 2313 nicipales
875 2226 1201 2311 imaginem
1251 2224 1521 2288 referunt
1570 2224 1869 2287 honorum
1904 2246 2055 2307 quos
2085 2223 2313 2288 Romae
2348 2223 2534 2288 fuisse
2567 2230 2793 2290 notum

533 2362 640 2419 est.
695 2353 1072 2419 Differebant
1106 2373 1348 2437 quoque
1382 2351 1746 2435 magistatus
1778 2350 2179 2436 municipales
2204 2350 2527 2437 dignitatis
2552 2351 2751 2437 gradu
2770 2402 2793 2431 ‚

534 2480 701 2566 quod
775 2502 845 2543 ex
913 2480 1150 2565 legibus
1198 2478 1421 2542 nostris
1469 2477 1693 2542 diserte
1741 2500 2025 2563 apparere
2072 2483 2299 2562 potest.
2398 2478 2677 2543 Malacae
2725 2487 2795 2546 et

533 2607 896 2694 Salpensae,
970 2606 1065 2671 uti
1115 2606 1296 2692 vulgo
1345 2605 1410 2669 in
1451 2605 1804 2690 municipiis
1839 2605 1887 2691 ³)
1910 2654 1929 2684 ,
1982 2606 2174 2670 honor
2220 2605 2523 2671 IIviratus
2571 2608 2792 2672 ceteris

530 2735 878 2820 praecellit,
929 2732 1094 2819 quod
1141 2756 1267 2797 non
1315 2739 1555 2798 tantum
1590 2733 1882 2818 probatur
1929 2733 2145 2818 Capite
2197 2737 2282 2798 54
2332 2734 2487 2821 legis
2528 2735 2795 2802 Malaci-

531 2870 745 2942 tanae,
795 2860 904 2927 ubi
953 2868 1199 2926 cavetur
1245 2867 1317 2924 ut
1349 2860 1601 2926 comitia
1635 2860 1852 2925 IIviris
1878 2861 2153 2924 creandis
2180 2860 2519 2927 habeantur
2540 2869 2681 2927 ante
2714 2886 2793 2929 ea

529 2989 758 3075 quibus
807 2988 1033 3053 aediles
1068 2988 1162 3053 vel
1196 2993 1543 3073 quaestores
1576 2993 1857 3052 creantur
1882 2987 1931 3072 4)
1955 3038 1973 3068 ,
2026 2989 2191 3072 quod
2241 2988 2567 3074 dignitatis
2602 3011 2791 3056 causa

527 3116 756 3181 factum
809 3139 940 3180 esse
986 3120 1176 3200 put0,
1227 3115 1333 3178 sed
1383 3114 1686 3199 imprimis
1735 3101 1887 3178 illud
1936 3120 2195 3178 testatur
2241 3115 2339 3180 lex
2368 3115 2781 3201 Salpensana‚

530 3242 639 3306 ubi
674 3243 723 3324 ⁵)
765 3242 976 3306 IIviris
1018 3241 1264 3326 quidem
1297 3241 1675 3326 permittitur
1709 3249 1779 3306 ut
1813 3242 2191 3306 intercedant
2218 3242 2363 3306 actis
2396 3243 2686 3308 aedilium
2720 3251 2787 3310 et

445 3413 450 3418 ·
529 3375 948 3456 quaestorum,
1005 3391 1131 3432 non
1189 3368 1337 3432 item
1411 3369 1505 3434 his
1533 3389 1539 3394 ·
1564 3390 1719 3453 quae
1792 3392 1827 3433 a
1881 3368 2096 3434 IIviris
2152 3375 2320 3455 gesta
2378 3376 2553 3450 sunt3
2616 3371 2791 3436 unde

673 3613 705 3673 ι)
775 3611 919 3676 Quod
953 3611 1052 3660 fore
1086 3613 1158 3660 est
1189 3611 1345 3668 idem;
1383 3612 1490 3661 vide
1532 3625 1699 3660 aarum
1732 3611 1789 3672 1,
1812 3611 1905 3670 963
1932 3612 2137 3662 addatur
2170 3612 2247 3662 lex
2274 3613 2335 3661 11
2365 3614 2425 3663 D.
2448 3613 2507 3661 de
2536 3615 2791 3678 pollicita·

529 3701 660 3748 lione
694 3698 900 3758 (50.12).

669 3782 707 3842 2)
783 3782 899 3830 Vide
934 3781 1029 3843 leg.
1067 3781 1130 3828 14
1165 3794 1238 3844 pr.
1273 3781 1322 3827 et
1359 3779 1444 3849 §l
1482 3779 1549 3828 D.
1580 3779 1644 3828 de
1675 3796 1801 3830 mun.
1838 3784 1885 3828 et
1917 3780 2027 3830 hon.
2067 3780 2239 3840 (50.4).

670 3865 708 3928 3)
777 3866 896 3914 Vide
931 3865 1022 3929 leg.
1063 3865 1088 3912 l
1142 3879 1219 3930 pr.
1253 3863 1317 3914 D.
1351 3864 1410 3912 cle
1443 3865 1539 3913 alb.
1573 3865 1713 3913 scrib.
1750 3865 1931 3927 (50.3).
1969 3865 2089 3912 Vide
2124 3863 2288 3912 album
2324 3865 2623 3914 Canusinam
2660 3868 2795 3932 apud

532 3964 680 4006 zum,
723 3951 835 3998 Del.
870 3951 1022 3998 Insa-r.
1059 3947 1132 3998 11⁰.
1172 3947 1327 4006 1764;
1369 3949 1435 3998 cf.
1470 3961 1665 4007 zuup'r,
1710 3949 1952 3998 Commeat.
1994 3949 2279 4012 Epi-qraplz„
2319 3949 2369 4007 1,
2406 3965 2454 4013 p.
2494 3948 2575 4000 6¹7.

674 4033 715 4094 4)
785 4033 860 4082 Ibi
915 4034 1043 4082 enim
1097 4034 1298 4099 legitur:
1370 4033 1500 4098 „Qui
1556 4033 1753 4083 comitia
1806 4033 1980 4082 habere
2034 4033 2225 4082 debebit
2267 4033 2307 4082 is
2344 4035 2554 4096 primum
2602 4033 2796 4084 IIviros

532 4120 700 4169 deinde
751 4117 972 4183 proximo
1009 4134 1194 4182 quoque
1231 4122 1443 4183 tempore
1487 4118 1663 4166 aediles
1698 4118 1813 4166 item
1849 4122 2125 4181 quaestores
2161 4117 2389 4166 creandos
2426 4118 2644 4167 curat0.”
2716 4119 2797 4168 De

530 4219 618 4252 usu
667 4200 992 4252 Romanorum
1039 4203 1090 4250 in
1126 4203 1213 4251 hac
1255 4219 1307 4251 re
1343 4203 1404 4252 cf.
1452 4215 1855 4252 pssum-risonis.
1901 4218 1949 4267 p.
2002 4202 2097 4251 136
2143 4201 2220 4251 ad.
2256 4213 2491 4252 cronon.
2527 4203 2637 4252 Act.
2672 4202 2701 4252 1
2740 4207 2795 4255 in

537 4291 742 4339 Verrem.
777 4287 896 4350 Cap.
933 4289 979 4338 8.

665 4371 710 4434 5)
783 4371 939 4420 Verba
991 4371 1177 4436 Capitis
1232 4369 1294 4422 27
1332 4375 1470 4420 sunt:
1526 4369 1655 4436 „Qui
1693 4371 1839 4420 IIviri
1875 4375 1961 4420 ant
1995 4370 2171 4420 aediles
2208 4375 2293 4420 aut
2326 4373 2603 4434 quaestores
2639 4377 2791 4432 sunt,

527 4458 602 4508 his
635 4456 808 4506 IIviris
842 4456 968 4504 iuter
1003 4471 1053 4504 se
1091 4459 1261 4505 etcum
1295 4457 1475 4520 aliquis
1507 4458 1791 4506 alterutrum
1832 4472 1989 4507 eorum
2025 4459 2113 4506 aut
2149 4460 2393 4520 utrumque
2427 4456 2489 4504 ab
2509 4456 2669 4506 aedile
2703 4472 2792 4506 ae·

526 4543 696 4592 dilibus
735 4545 820 4590 aut
853 4544 1102 4606 quaestore
1141 4542 1468 4604 quaestoribus
1501 4539 1803 4603 appellabit.”

2932 4989 2977 5219 b-''-*
