3027 5263
1604 575 1689 636 38

706 775 1008 863 Apparuit
1055 773 1294 838 nullum
1349 793 1422 834 ex
1471 766 1840 852 argumentis
1874 785 2031 848 quae
2063 762 2337 828 attulerit
2368 781 2573 826 ztmrr
2606 761 2776 826 tanti

521 907 817 972 momenti
867 926 998 969 esse
1047 914 1118 966 ut
1165 900 1242 965 ab
1293 898 1585 982 opinione
1636 917 1799 970 mea,
1848 915 2030 978 quam
2080 890 2337 955 historia
2366 890 2483 954 niti
2510 889 2781 954 arbitror

521 1035 797 1099 recedere
871 1052 1084 1116 cogar3
1151 1027 1360 1114 paucis
1435 1023 1621 1088 etiam
1692 1043 1859 1086 nunc
1924 1019 2282 1084 sententiam
2332 1040 2513 1103 quam
2565 1037 2779 1080 zum'r

524 1158 879 1246 proposuit:
931 1163 1136 1220 nostra
1183 1150 1518 1236 municipia
1590 1148 1893 1214 civit-atem
1959 1145 2297 1210 Romanam
2346 1142 2631 1208 habuisse
2683 1165 2777 1207 re·

519 1289 716 1352 futare
765 1284 983 1371 placet.

709 1413 788 1478 In
835 1411 1078 1496 legibus
1127 1407 1494 1472 Malacitana
1545 1411 1607 1469 et
1654 1403 2028 1487 Salpensana
2076 1401 2350 1485 quamvis
2390 1420 2515 1464 non
2547 1397 2779 1462 diserte

526 1539 760 1605 civibus
822 1538 1109 1602 Romanis
1159 1541 1477 1620 praecept-a
1544 1531 1801 1607 dentur,
1853 1549 2059 1594 revera
2104 1526 2387 1591 nonnulli
2434 1525 2559 1590 loci
2607 1526 2779 1590 inve-

518 1669 774 1732 niuntur
849 1688 923 1730 ex
993 1664 1216 1750 quibus
1307 1660 1465 1726 effici
1538 1664 1736 1744 potest
1824 1679 1928 1722 eos
1999 1657 2062 1720 in
2136 1653 2482 1738 municipiis
2544 1653 2779 1731 fuisse,

523 1817 662 1857 nam
731 1796 1143 1856 memorantur
1216 1789 1278 1850 in
1353 1787 1484 1872 lege
1559 1784 1931 1870 Salpensana
2002 1783 2173 1868 (Cap.
2230 1785 2355 1862 22,
2411 1782 2523 1866 23)
2572 1780 2777 1846 edicta

525 1937 891 1986 vssrasum
923 1926 982 1982 et
1014 1934 1390 1993 DOMITIANI,
1438 1936 1515 1978 ex
1549 1912 1772 1998 quibus
1806 1910 2165 1996 Salpensani
2199 1909 2493 1992 consequi
2524 1913 2783 1994 possent

524 2048 855 2113 civitatem.
952 2045 1270 2108 Praeterea
1342 2043 1408 2106 in
1489 2040 1707 2126 Capite
1775 2041 1859 2102 28
1929 2037 2192 2102 eiusdem
2241 2037 2395 2121 legis
2447 2035 2648 2121 agitur
2700 2035 2779 2100 de

526 2172 834 2259 municipe
889 2171 993 2256 qui
1054 2170 1313 2233 Latinus
1362 2167 1515 2243 erit,
1569 2165 1789 2251 quibus
1838 2188 1907 2229 ex
1958 2164 2157 2228 verbis
2204 2163 2463 2241 additis,
2518 2183 2616 2226 me
2677 2163 2775 2247 ju-

527 2303 697 2380 dice,
773 2298 1166 2386 probabiliter
1241 2295 1518 2381 sequitur
1590 2294 1773 2358 etiam
1846 2292 2187 2376 municipes
2260 2291 2419 2356 cives
2466 2289 2781 2356 Romanos

529 2429 854 2514 Salpensae
900 2427 1124 2503 fuisse3
1177 2423 1342 2510 quod
1389 2423 1611 2488 certius
1660 2423 1843 2486 etiam
1890 2427 2140 2506 apparet
2192 2443 2267 2485 ex
2296 2419 2616 2506 postremis
2648 2442 2780 2485 ver-

527 2557 624 2620 bis
683 2555 916 2641 Capitis
977 2557 1064 2635 21·
1113 2553 1266 2638 legis
1314 2551 1475 2636 Salp.
1551 2550 1825 2628 „dumne
1870 2548 2077 2635 plures
2128 2548 2286 2613 cives
2334 2548 2599 2612 Romani
2644 2549 2774 2614 sint

527 2707 710 2769 quam
785 2682 952 2768 quod
1025 2704 1098 2746 ex
1147 2680 1258 2745 hac
1306 2680 1437 2765 lege
1487 2678 1876 2763 magistratus
1927 2699 2124 2741 creare
2172 2676 2472 2763 oportet.”
2553 2678 2775 2741 Memo-

525 2801 742 2859 φακέαν
813 2816 956 2879 ergo
1031 2792 1196 2856 cives
1244 2790 1312 2853 in
1358 2789 1599 2876 legibus
1630 2789 1673 2873 ¹)
1696 2816 1715 2867 ;
1789 2795 2099 2853 teneamus
2170 2794 2372 2852 tamen
2436 2786 2597 2852 nihil
2643 2809 2771 2852 esse

535 2921 699 3005 quod
747 2920 962 3007 probet
1011 2919 1074 2983 in
1127 2939 1317 2982 eorum
1367 2938 1609 3003 quoque
1658 2939 1819 2981 usum
1866 2916 2029 3001 leges
2076 2938 2202 2981 esse
2251 2916 2440 2980 datas,
2538 2914 2777 2979 Nihilo-

523 3048 725 3111 minus
789 3067 994 3111 zUMP'r
1055 3044 1368 3110 contendit
1449 3043 1783 3128 municipia
1850 3042 2093 3107 civitate
2142 3064 2250 3106 usa
2296 3064 2426 3106 esse
2474 3042 2770 3107 Romana.

526 3174 810 3255 Quonam
859 3174 1257 3237 fundamento
1307 3171 1530 3235 nititur
1578 3171 1723 3234 haec
1771 3168 2196 3233 ratiocinatio?
2243 3168 2665 3234 Memorantur
2705 3170 2771 3233 in

521 3302 655 3386 lege
706 3299 1112 3384 Salpensana,
1164 3306 1234 3363 ut
1287 3298 1481 3363 obiter
1523 3300 1650 3383 jam
1699 3298 1944 3375 monui,
1996 3296 2119 3361 duo
2160 3296 2387 3377 edicta,
2442 3320 2515 3361 ex
2548 3297 2771 3383 quibus

527 3427 814 3493 nonnulli
887 3428 1195 3491 civitatem
1245 3428 1537 3511 consequi
1584 3449 1758 3511 posse
1808 3426 2133 3504 dicuntur3
2185 3426 2387 3490 edicto
2436 3446 2772 3491 noMmAM

526 3556 962 3642 SalpensanOS,
999 3560 1158 3618 certe
1194 3553 1472 3638 majorem
1507 3561 1739 3639 partem
1776 3527 2018 3632 eorum,
2059 3552 2166 3617 illo
2192 3552 2329 3636 jure
2362 3552 2618 3617 donatos
2650 3575 2771 3617 esse

527 3682 916 3770 praedicavit.
964 3682 1588 3747 Animadvertendum
1638 3703 1776 3745 vero
1826 3689 1947 3758 est,
1985 3704 2086 3745 eos
2120 3680 2349 3765 quibus
2384 3681 2447 3745 in
2482 3680 2590 3745 illa
2620 3681 2771 3767 legis

532 3819 702 3896 parte
736 3810 992 3875 facultas
1043 3810 1306 3875 civitatis
1356 3810 1759 3893 acquirendae
1792 3809 2097 3874 tribuatur
2122 3809 2237 3873 hoc
2262 3808 2647 3893 privilegium
2674 3810 2773 3875 de·

530 3936 671 4001 bere
713 3944 838 4001 tam
881 3938 1079 4001 edicto
1113 3956 1475 4001 VESPASIAM
1526 3959 1708 4020 quam
1756 3957 2128 4015 Domuum,
2179 3936 2265 3999 ita
2315 3943 2384 4000 ut
2416 3937 2775 4003 contendere

526 4064 892 4149 oportuisset
909 4065 1038 4149 jam
1087 4085 1161 4129 ex
1195 4065 1393 4129 edicto
1427 4086 1787 4130 VESPASIANI
1821 4064 2131 4131 civitatem
2164 4071 2517 4129 consecutos
2550 4063 2770 4145 fuisse,

667 4309 702 4369 ²)
775 4308 899 4358 Satis
937 4308 1109 4359 mirum
1146 4310 1334 4359 videtur
1368 4324 1536 4358 zuur'r
1573 4310 1663 4359 hoc
1700 4326 1874 4373 negare
1910 4311 1959 4360 in
1986 4310 2168 4359 verbis:
2196 4310 2279 4369 „Si
2303 4310 2440 4359 initia
2464 4314 2590 4359 certe
2614 4310 2771 4374 legum

523 4396 582 4443 ad
621 4408 712 4443 nos
749 4395 1074 4458 pervenissent
1119 4398 1252 4443 certa
1288 4394 1618 4443 invenirentur
1656 4395 1954 4455 testimonia,
1994 4411 2113 4459 quae
2150 4396 2276 4445 cives
2311 4394 2553 4444 Romanos
2588 4395 2642 4444 in
2674 4396 2767 4445 illis

525 4479 795 4545 municipiis
834 4480 976 4529 fuisse
1013 4480 1344 4538 ostendereut5
1381 4495 1510 4528 nunc
1551 4480 1734 4529 nullum
1772 4480 1893 4530 est.”
1930 4482 2061 4532 Stud.
2102 4482 2234 4531 Rom.
2276 4496 2321 4545 p.
2362 4478 2475 4531 278.
