3027 5263
1306 633 1434 694 209

241 825 355 910 qui
425 846 577 909 quae
642 825 708 887 in
776 825 1079 889 civitatem
1148 825 1482 889 Romanam
1550 849 1671 890 non
1739 829 1969 892 venerit
2049 829 2242 914 deque
2316 829 2491 893 bonis

237 975 455 1016 eorum
507 973 709 1015 earum
760 964 821 1016 et
870 951 946 1015 iis
994 974 1147 1037 quae
1194 951 1492 1016 libertatis
1542 975 1718 1018 causa
1767 954 2056 1041 imposita
2090 963 2268 1036 sunt,
2323 955 2488 1022 idem

233 1081 342 1165 jus
393 1079 722 1165 eademque
771 1079 1049 1143 condicio
1098 1087 1222 1143 esto
1272 1101 1425 1164 quae
1473 1087 1628 1144 esset
1679 1082 1730 1145 si
1773 1083 2017 1147 civitate
2054 1090 2324 1147 mutatus
2361 1106 2490 1148 mu-

240 1215 373 1270 tata
423 1229 543 1270 non
586 1205 805 1270 esset.”
900 1205 1160 1269 Ubinam
1212 1205 1430 1270 elarius
1477 1207 1697 1293 exponi
1730 1209 2030 1294 potuisset
2077 1210 2332 1274 Latinos
2365 1210 2494 1274 Sal-

239 1356 541 1419 pensanos
585 1333 686 1417 jus
735 1339 1087 1418 patronatus
1153 1331 1478 1396 habuisse?
1574 1333 1798 1398 Nonne
1848 1335 2008 1398 enim
2045 1335 2159 1399 hoc
2201 1335 2491 1420 placitum

240 1483 317 1524 eo
368 1467 606 1523 tantum
678 1459 877 1523 tendit
942 1465 1013 1522 ut
1054 1459 1192 1543 jura
1248 1466 1601 1543 patronatus
1657 1461 1914 1524 retinere
1975 1461 2099 1524 sive
2149 1482 2494 1525 conservare

237 1593 488 1673 possent
527 1588 568 1670 ¹)
636 1586 744 1671 qui
793 1585 1097 1650 civitatem
1162 1587 1497 1652 Romanam
1570 1588 1775 1672 adepti
1842 1595 2068 1665 essent,
2137 1610 2291 1672 quae
2341 1610 2480 1652 eum

239 1715 456 1779 Latini
505 1722 699 1779 essent
746 1714 865 1777 iam
924 1713 1315 1778 habuissent?

434 1842 553 1906 Illa
596 1843 733 1926 jura
783 1865 883 1905 eos
932 1843 1185 1906 retinere
1212 1842 1422 1906 scribit
1454 1842 1553 1907 lex
1586 1842 1959 1926 Salpensana
2000 1843 2063 1906 in
2099 1842 2350 1907 libertos
2384 1843 2492 1926 qui

240 1972 307 2034 in
344 1970 652 2034 civitatem
687 1992 808 2032 non
847 1969 1139 2033 venerint.
1206 1971 1467 2034 Necesse
1510 1976 1710 2033 autem
1747 1978 1874 2033 erat
1909 1975 1976 2033 ut
2012 1970 2098 2033 ita
2132 1976 2442 2033 caveretur
2463 1997 2480 2047 3

234 2101 375 2184 jura
424 2099 586 2162 enim
635 2097 701 2160 in
751 2097 1033 2174 libertos,
1086 2119 1241 2181 quae
1282 2097 1418 2182 jure
1474 2099 1746 2161 Romano
1809 2098 2026 2182 capitis
2072 2098 2490 2161 deminutione

240 2233 501 2313 pereunt
537 2227 625 2309 2)‚
680 2224 890 2310 procul
941 2224 1126 2289 dubio
1175 2225 1296 2288 nisi
1349 2225 1458 2289 hac
1506 2225 1656 2309 legis
1715 2225 1958 2288 fictione
2008 2225 2200 2308 adjuti
2250 2233 2486 2302 essent,

244 2356 429 2420 etiam
480 2353 720 2431 Latini,
775 2375 1030 2437 quorum
1084 2359 1275 2415 status
1326 2361 1481 2416 esset
1518 2358 1783 2415 mutatus
1819 2353 1864 2434 ³)
1916 2351 2289 2428 amisissent3
2340 2352 2492 2414 ratio

242 2482 409 2547 enim
462 2503 583 2543 non
644 2480 987 2564 patiebatur
1020 2486 1089 2542 ut
1140 2478 1383 2557 liberti,
1438 2479 1642 2542 Latini
1695 2479 1956 2542 hominis
2007 2477 2162 2540 bona
2206 2478 2339 2562 jure
2371 2501 2489 2540 ma-

240 2608 639 2673 numissionis
690 2606 1059 2692 pertinerent
1110 2606 1183 2669 ad
1243 2605 1404 2670 cives
1454 2605 1761 2669 Romanos
1811 2611 2095 2689 patronos
2130 2603 2200 2689 4).

435 2736 519 2799 Iis
552 2758 705 2820 quae
740 2736 854 2797 hoo
888 2734 1101 2817 Capite
1152 2734 1426 2818 exposita
1459 2742 1600 2796 sunt
1635 2733 1928 2796 nonnulla
1979 2732 2162 2795 dubia
2196 2734 2485 2817 opposuit

242 2866 336 2928 vir
405 2885 568 2926 cone.
622 2882 821 2925 Asflan
854 2862 946 2943 ⁵),
1013 2861 1103 2924 ita
1153 2862 1313 2924 enim
1364 2861 1676 2945 disputat:
1731 2859 1952 2937 „Nous
2002 2882 2186 2923 avons
2234 2858 2372 2943 de‘ja
2413 2881 2490 2923 eu

236 2991 572 3055 l’occasion
624 2990 695 3053 de
745 3000 919 3053 noter
968 3012 1083 3073 que
1132 2988 1390 3052 l'auteur
1463 2988 1566 3051 des
1617 2987 1804 3051 tables
1853 2986 2114 3049 confond
2167 2987 2223 3049 la
2273 2987 2482 3050 civitas

240 3142 493 3184 romana
543 3118 645 3181 des
710 3117 953 3180 anciens
1020 3117 1357 3201 magistrats
1416 3114 1766 3200 Salpesiens
1831 3136 1972 3177 aveo
2021 3113 2079 3176 la
2129 3114 2337 3177 civitas
2380 3114 2483 3176 des

236 3352 485 3401 dic-untur.
554 3351 663 3398 Hoc
698 3347 888 3395 nomine
924 3346 1049 3396 enim
1088 3349 1319 3393 vocantur
1355 3345 1516 3393 habita
1543 3346 1726 3393 ratione
1756 3344 2043 3393 conditionis
2079 3360 2219 3401 suae,
2255 3344 2337 3391 illo
2373 3358 2484 3390 vero

237 3436 408 3486 habita
443 3434 628 3482 ratione
666 3432 856 3497 patroni
894 3431 1083 3495 pristini
1118 3430 1330 3488 domini3
1368 3431 1472 3477 vide
1508 3444 1776 3479 ULPIANUM
1812 3430 1859 3477 iu
1898 3428 2000 3491 lege
2027 3430 2072 3477 6.
2107 3430 2160 3476 D.
2199 3430 2244 3477 si
2260 3429 2490 3491 inqenuus

240 3536 344 3569 esse
378 3520 561 3567 dicetur
598 3518 800 3579 (40.14).

392 3604 430 3666 1)
506 3602 621 3651 Vide
660 3602 908 3649 Rubricam
944 3600 1126 3663 Capitis
1164 3601 1243 3648 23.

385 3688 423 3749 2)
497 3687 583 3734 vid
622 3699 808 3743 omum,
844 3688 963 3734 [nst.
1000 3686 1105 3733 Lib.
1142 3687 1189 3734 3.
1227 3688 1248 3746 §
1286 3686 1367 3734 83.
1406 3684 1465 3733 ef.
1503 3685 1525 3743 §
1565 3684 1642 3731 51.
1680 3685 1727 3730 et
1765 3696 1874 3731 ULP.
1911 3682 2026 3744 Req.
2061 3680 2153 3728 Tit.
2197 3678 2276 3729 27.
2315 3681 2336 3738 §
2377 3681 2420 3727 ὅ.

384 3773 422 3831 3)
493 3772 674 3821 Mirum
710 3772 908 3819 fortasse
945 3770 1149 3833 cuipiam
1188 3770 1404 3817 videatur
1439 3768 1594 3831 eapite
1631 3767 1777 3815 minui
1815 3766 2037 3814 Latinum
2074 3765 2153 3827 qui
2181 3764 2374 3812 civitate
2395 3764 2490 3811 Ro-

238 3874 386 3910 mana
422 3862 678 3919 augeatur,
718 3860 923 3903 attamen
962 3852 1245 3903 tenendum.
1288 3852 1453 3917 capitis
1493 3852 1867 3899 deminutionem
1905 3850 1950 3897 in
1987 3850 2092 3913 jure
2129 3850 2348 3896 Romano
2390 3864 2492 3896 esse

240 3946 398 3993 status
454 3941 609 3990 civilis
662 3939 1086 4004 permutationem,
1142 3938 1239 3985 sive
1298 3937 1472 3999 prioris
1529 3940 1683 3983 status
1737 3934 2160 3982 commutationem
2205 3932 2330 3991 (vide
2367 3932 2492 3979 Inst.

238 4034 365 4081 Just.
420 4028 523 4077 Lib.
578 4027 623 4075 1.
676 4026 758 4073 'Pit
798 4024 859 4071 16
897 4031 1021 4088 pr.),
1058 4039 1154 4071 non
1192 4038 1396 4086 semper,
1441 4021 1552 4069 licet
1588 4036 1678 4069 vox
1717 4017 2048 4078 „deminutio”
2082 4017 2300 4065 iudicare
2338 4016 2486 4064 videri

240 4116 396 4181 possit
434 4113 515 4171 „in
552 4108 809 4159 deterius.''
847 4125 891 4158 v.
934 4124 981 4171 g.
1017 4109 1064 4157 in
1102 4108 1161 4156 iis
1199 4108 1277 4171 qui
1316 4108 1387 4155 sui
1423 4105 1546 4169 juris
1583 4107 1701 4153 fiunt
1737 4103 2144 4167 emancipatione3
2183 4101 2288 4149 vide
2324 4102 2415 4163 leg.
2452 4101 2480 4147 3

239 4203 263 4261 5
312 4201 357 4248 1.
397 4200 456 4246 D.
505 4198 565 4245 de
616 4196 771 4258 capite
804 4194 993 4242 minutis
1030 4195 1149 4255 (4.5)
1186 4197 1233 4240 et
1270 4194 1388 4241 Inst.
1435 4192 1563 4240 Just.
1597 4190 1700 4238 Lib.
1741 4190 1786 4236 1.
1824 4188 1917 4237 Tit.
1957 4186 2018 4234 16
2057 4188 2079 4246 §
2121 4187 2167 4238 3.
2203 4184 2276 4233 vei
2315 4186 2396 4248 qui
2433 4200 2489 4233 ex

238 4282 595 4347 mancipatione
630 4279 1060 4336 manumittuntur3
1100 4276 1209 4325 vide
1246 4288 1435 4333 amun,
1474 4277 1594 4323 [nst.
1631 4273 1733 4322 Lib.
1775 4272 1819 4319 1.
1857 4272 1878 4329 §
1919 4271 2033 4319 162.

380 4368 421 4431 ⁴)
498 4368 754 4431 perperam
790 4365 847 4413 de
883 4365 971 4412 hae
1006 4368 1148 4413 causa
1200 4362 1299 4426 egit
1335 4374 1614 4409 nnnNBuno
1658 4360 1705 4405 in
1749 4358 1994 4406 Comment.
2030 4356 2062 4405 l.
2099 4371 2148 4420 p.
2186 4356 2265 4405 88.
2304 4354 2362 4403 of.
2400 4368 2487 4401 au·

240 4468 413 4507 noan
446 4453 497 4501 in
537 4452 671 4513 Disp.
714 4451 830 4499 Crit.
865 4468 911 4515 p.
954 4448 1033 4499 27.

386 4540 433 4605 ι5)
500 4540 559 4588 In
604 4538 848 4593 Coranum,
890 4535 1023 4584 laud.
1059 4550 1105 4599 p.
1146 4533 1259 4582 119.
1298 4534 1397 4581 5.1.

2125 4622 2209 4685 14
