<?xml version="1.0" encoding="UTF-8"?>
<!DOCTYPE html PUBLIC "-//W3C//DTD XHTML 1.0 Transitional//EN"
    "http://www.w3.org/TR/xhtml1/DTD/xhtml1-transitional.dtd">
<html xmlns="http://www.w3.org/1999/xhtml" xml:lang="en" lang="en">
 <head>
  <title>
</title>
<meta http-equiv="Content-Type" content="text/html;charset=utf-8" />
  <meta name='ocr-system' content='tesseract 3.04.00' />
  <meta name='ocr-capabilities' content='ocr_page ocr_carea ocr_par ocr_line ocrx_word'/>
</head>
<body>
  <div class='ocr_page' id='page_1' title='image "./disquisitiodeae00swingoog_0097.png"; bbox 0 0 3027 5263; ppageno 0'>
   <div class='ocr_carea' id='block_1_1' title="bbox 1333 618 1412 677">
    <p class='ocr_par' dir='ltr' id='par_1_1' title="bbox 1333 618 1412 677">
     <span class='ocr_line' id='line_1_1' title="bbox 1333 618 1412 677; baseline -0.013 0"><span class='ocrx_word' id='word_1_1' title='bbox 1333 618 1412 677; x_wconf 88' lang='lat'><strong>81</strong></span> 
     </span>
    </p>
   </div>
   <div class='ocr_carea' id='block_1_2' title="bbox 234 805 2495 3701">
    <p class='ocr_par' dir='ltr' id='par_1_2' title="bbox 243 805 2491 1406">
     <span class='ocr_line' id='line_1_2' title="bbox 247 805 2491 895; baseline 0.001 -21"><span class='ocrx_word' id='word_1_2' title='bbox 247 810 400 895; x_wconf 86' lang='lat' dir='ltr'><strong>legis</strong></span> <span class='ocrx_word' id='word_1_3' title='bbox 463 808 652 888; x_wconf 79' lang='lat' dir='ltr'><strong>Ma1.;</strong></span> <span class='ocrx_word' id='word_1_4' title='bbox 719 806 940 873; x_wconf 85' lang='lat' dir='ltr'><strong>IIviris</strong></span> <span class='ocrx_word' id='word_1_5' title='bbox 985 807 1148 873; x_wconf 89' lang='lat' dir='ltr'><strong>enim</strong></span> <span class='ocrx_word' id='word_1_6' title='bbox 1195 805 1490 873; x_wconf 87' lang='lat' dir='ltr'><strong>ambobus</strong></span> <span class='ocrx_word' id='word_1_7' title='bbox 1537 808 1833 894; x_wconf 85' lang='lat' dir='ltr'><strong>praedum</strong></span> <span class='ocrx_word' id='word_1_8' title='bbox 1880 809 2151 875; x_wconf 83' lang='lat' dir='ltr'><strong>venditio</strong></span> <span class='ocrx_word' id='word_1_9' title='bbox 2208 812 2491 877; x_wconf 84' lang='lat' dir='ltr'><strong>mandata</strong></span> 
     </span>
     <span class='ocr_line' id='line_1_3' title="bbox 246 934 2489 1023; baseline 0.001 -20"><span class='ocrx_word' id='word_1_10' title='bbox 246 946 374 1003; x_wconf 86' lang='lat' dir='ltr'><strong>erat</strong></span> <span class='ocrx_word' id='word_1_11' title='bbox 421 938 472 1002; x_wconf 89' lang='lat' dir='ltr'><strong>si</strong></span> <span class='ocrx_word' id='word_1_12' title='bbox 521 936 817 1023; x_wconf 81' lang='lat' dir='ltr'>obligatio</span> <span class='ocrx_word' id='word_1_13' title='bbox 850 959 991 1023; x_wconf 86' lang='lat' dir='ltr'><strong>erga</strong></span> <span class='ocrx_word' id='word_1_14' title='bbox 1020 934 1455 1022; x_wconf 82' lang='lat' dir='ltr'>rempublicam</span> <span class='ocrx_word' id='word_1_15' title='bbox 1506 944 1813 1003; x_wconf 85' lang='lat' dir='ltr'><strong>contracta</strong></span> <span class='ocrx_word' id='word_1_16' title='bbox 1848 938 2351 1019; x_wconf 82' lang='lat' dir='ltr'><strong>committeretur,</strong></span> <span class='ocrx_word' id='word_1_17' title='bbox 2384 962 2489 1006; x_wconf 90' lang='lat' dir='ltr'><strong>ne·</strong></span> 
     </span>
     <span class='ocr_line' id='line_1_4' title="bbox 244 1063 2491 1152; baseline 0.002 -23"><span class='ocrx_word' id='word_1_18' title='bbox 244 1087 365 1152; x_wconf 91' lang='lat' dir='ltr'><strong>que</strong></span> <span class='ocrx_word' id='word_1_19' title='bbox 412 1064 662 1151; x_wconf 85' lang='lat' dir='ltr'><strong>praedes</strong></span> <span class='ocrx_word' id='word_1_20' title='bbox 713 1064 1004 1130; x_wconf 79' lang='lat' dir='ltr'><strong>debitoris</strong></span> <span class='ocrx_word' id='word_1_21' title='bbox 1051 1063 1415 1151; x_wconf 88' lang='lat' dir='ltr'><strong>obligationi</strong></span> <span class='ocrx_word' id='word_1_22' title='bbox 1447 1065 1897 1130; x_wconf 72' lang='lat' dir='ltr'><strong>satisfecissent.</strong></span> <span class='ocrx_word' id='word_1_23' title='bbox 1949 1066 2261 1132; x_wconf 82' lang='lat' dir='ltr'><strong>Alterutro</strong></span> <span class='ocrx_word' id='word_1_24' title='bbox 2286 1074 2491 1133; x_wconf 86' lang='lat' dir='ltr'><strong>tamen</strong></span> 
     </span>
     <span class='ocr_line' id='line_1_5' title="bbox 243 1191 2490 1270; baseline 0.001 -13"><span class='ocrx_word' id='word_1_25' title='bbox 243 1192 446 1257; x_wconf 87' lang='lat' dir='ltr'><strong>IIviro</strong></span> <span class='ocrx_word' id='word_1_26' title='bbox 491 1191 737 1257; x_wconf 87' lang='lat' dir='ltr'><strong>absente</strong></span> <span class='ocrx_word' id='word_1_27' title='bbox 751 1238 773 1270; x_wconf 89' lang='lat'><em>,</em></span> <span class='ocrx_word' id='word_1_28' title='bbox 824 1191 1132 1257; x_wconf 86' lang='lat' dir='ltr'><strong>decretum</strong></span> <span class='ocrx_word' id='word_1_29' title='bbox 1182 1191 1412 1257; x_wconf 86' lang='lat' dir='ltr'><strong>ordinis</strong></span> <span class='ocrx_word' id='word_1_30' title='bbox 1459 1192 1861 1257; x_wconf 88' lang='lat' dir='ltr'><strong>necessarium</strong></span> <span class='ocrx_word' id='word_1_31' title='bbox 1911 1199 2003 1257; x_wconf 89' lang='lat' dir='ltr'><strong>est</strong></span> <span class='ocrx_word' id='word_1_32' title='bbox 2048 1200 2121 1258; x_wconf 90' lang='lat' dir='ltr'><strong>ut</strong></span> <span class='ocrx_word' id='word_1_33' title='bbox 2150 1193 2303 1259; x_wconf 85' lang='lat' dir='ltr'><strong>alter</strong></span> <span class='ocrx_word' id='word_1_34' title='bbox 2348 1216 2490 1261; x_wconf 83' lang='lat' dir='ltr'><strong>ven-</strong></span> 
     </span>
     <span class='ocr_line' id='line_1_6' title="bbox 245 1318 1948 1406; baseline -0.001 -21"><span class='ocrx_word' id='word_1_35' title='bbox 245 1320 388 1385; x_wconf 84' lang='lat' dir='ltr'><strong>dere</strong></span> <span class='ocrx_word' id='word_1_36' title='bbox 434 1320 626 1406; x_wconf 80' lang='lat' dir='ltr'><strong>possit</strong></span> <span class='ocrx_word' id='word_1_37' title='bbox 672 1318 962 1405; x_wconf 84' lang='lat' dir='ltr'><strong>praedes,</strong></span> <span class='ocrx_word' id='word_1_38' title='bbox 1009 1318 1291 1404; x_wconf 85' lang='lat' dir='ltr'><strong>legesque</strong></span> <span class='ocrx_word' id='word_1_39' title='bbox 1339 1319 1682 1384; x_wconf 82' lang='lat' dir='ltr'><strong>venditioni</strong></span> <span class='ocrx_word' id='word_1_40' title='bbox 1734 1318 1948 1384; x_wconf 83' lang='lat' dir='ltr'><strong>dicere.</strong></span> 
     </span>
    </p>

    <p class='ocr_par' dir='ltr' id='par_1_3' title="bbox 240 1444 2491 1661">
     <span class='ocr_line' id='line_1_7' title="bbox 435 1444 2491 1534; baseline 0.001 -22"><span class='ocrx_word' id='word_1_41' title='bbox 435 1448 726 1533; x_wconf 81' lang='lat' dir='ltr'><strong>Superest</strong></span> <span class='ocrx_word' id='word_1_42' title='bbox 769 1453 842 1510; x_wconf 89' lang='lat' dir='ltr'><strong>ut</strong></span> <span class='ocrx_word' id='word_1_43' title='bbox 888 1444 1038 1531; x_wconf 89' lang='lat' dir='ltr'><strong>legis</strong></span> <span class='ocrx_word' id='word_1_44' title='bbox 1101 1446 1503 1532; x_wconf 85' lang='lat' dir='ltr'><strong>Salpensanae</strong></span> <span class='ocrx_word' id='word_1_45' title='bbox 1551 1453 1785 1531; x_wconf 86' lang='lat' dir='ltr'><strong>partem</strong></span> <span class='ocrx_word' id='word_1_46' title='bbox 1832 1448 2161 1534; x_wconf 85' lang='lat' dir='ltr'><strong>attingam,</strong></span> <span class='ocrx_word' id='word_1_47' title='bbox 2200 1447 2311 1513; x_wconf 88' lang='lat' dir='ltr'><strong>ubi</strong></span> <span class='ocrx_word' id='word_1_48' title='bbox 2342 1448 2491 1515; x_wconf 92' lang='lat' dir='ltr'><strong>ordo</strong></span> 
     </span>
     <span class='ocr_line' id='line_1_8' title="bbox 240 1571 1903 1661; baseline -0.002 -20"><span class='ocrx_word' id='word_1_49' title='bbox 240 1574 636 1661; x_wconf 85' lang='lat' dir='ltr'><strong>municipalis</strong></span> <span class='ocrx_word' id='word_1_50' title='bbox 686 1576 990 1659; x_wconf 79' lang='lat' dir='ltr'><strong>potestate</strong></span> <span class='ocrx_word' id='word_1_51' title='bbox 1036 1571 1216 1657; x_wconf 87' lang='lat' dir='ltr'><strong>plane</strong></span> <span class='ocrx_word' id='word_1_52' title='bbox 1264 1572 1559 1658; x_wconf 84' lang='lat' dir='ltr'><strong>peculiari</strong></span> <span class='ocrx_word' id='word_1_53' title='bbox 1607 1572 1903 1638; x_wconf 89' lang='lat' dir='ltr'><strong>munitur.</strong></span> 
     </span>
    </p>

    <p class='ocr_par' dir='ltr' id='par_1_4' title="bbox 234 1697 2495 3188">
     <span class='ocr_line' id='line_1_9' title="bbox 431 1697 2492 1788; baseline 0.001 -21"><span class='ocrx_word' id='word_1_54' title='bbox 431 1702 510 1767; x_wconf 92' lang='lat' dir='ltr'><strong>In</strong></span> <span class='ocrx_word' id='word_1_55' title='bbox 561 1700 779 1786; x_wconf 86' lang='lat' dir='ltr'><strong>Capite</strong></span> <span class='ocrx_word' id='word_1_56' title='bbox 826 1698 988 1764; x_wconf 88' lang='lat' dir='ltr'><strong>enim</strong></span> <span class='ocrx_word' id='word_1_57' title='bbox 1041 1701 1128 1763; x_wconf 82' lang='lat'><strong>28</strong></span> <span class='ocrx_word' id='word_1_58' title='bbox 1179 1699 1310 1763; x_wconf 89' lang='lat' dir='ltr'><strong>eius</strong></span> <span class='ocrx_word' id='word_1_59' title='bbox 1356 1697 1508 1784; x_wconf 86' lang='lat' dir='ltr'><strong>legis</strong></span> <span class='ocrx_word' id='word_1_60' title='bbox 1557 1699 1632 1765; x_wconf 90' lang='lat' dir='ltr'><strong>de</strong></span> <span class='ocrx_word' id='word_1_61' title='bbox 1682 1700 2167 1767; x_wconf 81' lang='lat' dir='ltr'><strong>manumissione</strong></span> <span class='ocrx_word' id='word_1_62' title='bbox 2216 1704 2382 1788; x_wconf 87' lang='lat' dir='ltr'><strong>apud</strong></span> <span class='ocrx_word' id='word_1_63' title='bbox 2420 1702 2492 1771; x_wconf 89' lang='lat' dir='ltr'><strong>II</strong></span> 
     </span>
     <span class='ocr_line' id='line_1_10' title="bbox 234 1825 2489 1916; baseline 0.001 -22"><span class='ocrx_word' id='word_1_64' title='bbox 234 1831 442 1895; x_wconf 86' lang='lat' dir='ltr'><strong>virum</strong></span> <span class='ocrx_word' id='word_1_65' title='bbox 491 1828 711 1913; x_wconf 88' lang='lat' dir='ltr'><strong>agitur.</strong></span> <span class='ocrx_word' id='word_1_66' title='bbox 809 1826 1040 1911; x_wconf 84' lang='lat' dir='ltr'><strong>Regula</strong></span> <span class='ocrx_word' id='word_1_67' title='bbox 1109 1847 1233 1889; x_wconf 89' lang='lat' dir='ltr'><strong>esse</strong></span> <span class='ocrx_word' id='word_1_68' title='bbox 1281 1825 1524 1891; x_wconf 88' lang='lat' dir='ltr'><strong>videtur</strong></span> <span class='ocrx_word' id='word_1_69' title='bbox 1573 1848 2073 1911; x_wconf 88' lang='lat' dir='ltr'><strong>unumquemque</strong></span> <span class='ocrx_word' id='word_1_70' title='bbox 2120 1830 2489 1916; x_wconf 88' lang='lat' dir='ltr'><strong>municipem</strong></span> 
     </span>
     <span class='ocr_line' id='line_1_11' title="bbox 235 1951 2489 2042; baseline 0 -20"><span class='ocrx_word' id='word_1_71' title='bbox 235 1957 537 2023; x_wconf 87' lang='lat' dir='ltr'><strong>Latinum</strong></span> <span class='ocrx_word' id='word_1_72' title='bbox 596 1953 1021 2019; x_wconf 80' lang='lat' dir='ltr'><strong>manumittere</strong></span> <span class='ocrx_word' id='word_1_73' title='bbox 1085 1975 1276 2038; x_wconf 84' lang='lat' dir='ltr'><strong>posse.</strong></span> <span class='ocrx_word' id='word_1_74' title='bbox 1359 1953 1489 2017; x_wconf 85' lang='lat' dir='ltr'><strong>Lex</strong></span> <span class='ocrx_word' id='word_1_75' title='bbox 1536 1951 1911 2039; x_wconf 86' lang='lat' dir='ltr'><strong>Salpensana</strong></span> <span class='ocrx_word' id='word_1_76' title='bbox 1943 1961 2147 2020; x_wconf 90' lang='lat' dir='ltr'><strong>tamen</strong></span> <span class='ocrx_word' id='word_1_77' title='bbox 2195 1956 2489 2042; x_wconf 89' lang='lat' dir='ltr'><strong>quodam·</strong></span> 
     </span>
     <span class='ocr_line' id='line_1_12' title="bbox 236 2079 2493 2169; baseline 0 -20"><span class='ocrx_word' id='word_1_78' title='bbox 236 2083 423 2149; x_wconf 87' lang='lat' dir='ltr'><strong>modo</strong></span> <span class='ocrx_word' id='word_1_79' title='bbox 484 2081 834 2147; x_wconf 82' lang='lat' dir='ltr'><strong>facultatem</strong></span> <span class='ocrx_word' id='word_1_80' title='bbox 898 2079 1334 2144; x_wconf 80' lang='lat' dir='ltr'><strong>nonnullorum</strong></span> <span class='ocrx_word' id='word_1_81' title='bbox 1397 2080 1747 2165; x_wconf 83' lang='lat' dir='ltr'><strong>restringit3</strong></span> <span class='ocrx_word' id='word_1_82' title='bbox 1806 2103 2095 2166; x_wconf 87' lang='lat' dir='ltr'><strong>personae</strong></span> <span class='ocrx_word' id='word_1_83' title='bbox 2126 2084 2289 2148; x_wconf 88' lang='lat' dir='ltr'><strong>enim</strong></span> <span class='ocrx_word' id='word_1_84' title='bbox 2339 2107 2493 2169; x_wconf 84' lang='lat' dir='ltr'><strong>quae</strong></span> 
     </span>
     <span class='ocr_line' id='line_1_13' title="bbox 238 2205 2489 2296; baseline 0 -20"><span class='ocrx_word' id='word_1_85' title='bbox 238 2212 369 2277; x_wconf 87' lang='lat' dir='ltr'><strong>sive</strong></span> <span class='ocrx_word' id='word_1_86' title='bbox 438 2215 683 2296; x_wconf 85' lang='lat' dir='ltr'><strong>propter</strong></span> <span class='ocrx_word' id='word_1_87' title='bbox 753 2207 1052 2273; x_wconf 89' lang='lat' dir='ltr'><strong>defectum</strong></span> <span class='ocrx_word' id='word_1_88' title='bbox 1118 2207 1333 2271; x_wconf 87' lang='lat' dir='ltr'><strong>aetatis</strong></span> <span class='ocrx_word' id='word_1_89' title='bbox 1382 2205 1506 2271; x_wconf 88' lang='lat' dir='ltr'><strong>sive</strong></span> <span class='ocrx_word' id='word_1_90' title='bbox 1555 2214 1802 2294; x_wconf 89' lang='lat' dir='ltr'><strong>propter</strong></span> <span class='ocrx_word' id='word_1_91' title='bbox 1849 2230 2028 2272; x_wconf 85' lang='lat' dir='ltr'><strong>sexus</strong></span> <span class='ocrx_word' id='word_1_92' title='bbox 2076 2208 2489 2276; x_wconf 89' lang='lat' dir='ltr'><strong>infirmitatem</strong></span> 
     </span>
     <span class='ocr_line' id='line_1_14' title="bbox 239 2335 2493 2427; baseline 0 -23"><span class='ocrx_word' id='word_1_93' title='bbox 239 2338 646 2427; x_wconf 86' lang='lat' dir='ltr'><strong>prohibentur</strong></span> <span class='ocrx_word' id='word_1_94' title='bbox 692 2336 1017 2423; x_wconf 89' lang='lat' dir='ltr'><strong>quominus</strong></span> <span class='ocrx_word' id='word_1_95' title='bbox 1062 2335 1228 2421; x_wconf 84' lang='lat' dir='ltr'><strong>ipsae</strong></span> <span class='ocrx_word' id='word_1_96' title='bbox 1275 2356 1385 2399; x_wconf 90' lang='lat' dir='ltr'><strong>suo</strong></span> <span class='ocrx_word' id='word_1_97' title='bbox 1428 2335 1565 2420; x_wconf 85' lang='lat' dir='ltr'><strong>jure</strong></span> <span class='ocrx_word' id='word_1_98' title='bbox 1611 2356 1705 2400; x_wconf 90' lang='lat' dir='ltr'><strong>res</strong></span> <span class='ocrx_word' id='word_1_99' title='bbox 1736 2357 1877 2400; x_wconf 85' lang='lat' dir='ltr'><strong>suas</strong></span> <span class='ocrx_word' id='word_1_100' title='bbox 1918 2341 2103 2423; x_wconf 84' lang='lat' dir='ltr'><strong>agant</strong></span> <span class='ocrx_word' id='word_1_101' title='bbox 2136 2339 2493 2404; x_wconf 87' lang='lat' dir='ltr'><strong>auctoritate</strong></span> 
     </span>
     <span class='ocr_line' id='line_1_15' title="bbox 239 2462 2489 2550; baseline 0 -18"><span class='ocrx_word' id='word_1_102' title='bbox 239 2466 470 2532; x_wconf 88' lang='lat' dir='ltr'><strong>tutoris</strong></span> <span class='ocrx_word' id='word_1_103' title='bbox 533 2465 813 2550; x_wconf 88' lang='lat' dir='ltr'><strong>indigent</strong></span> <span class='ocrx_word' id='word_1_104' title='bbox 827 2488 847 2541; x_wconf 71' lang='grc' dir='ltr'><strong><em>ς</em></strong></span> <span class='ocrx_word' id='word_1_105' title='bbox 920 2470 1229 2549; x_wconf 82' lang='lat' dir='ltr'><strong>praeterea</strong></span> <span class='ocrx_word' id='word_1_106' title='bbox 1299 2462 1537 2527; x_wconf 88' lang='lat' dir='ltr'><strong>ratione</strong></span> <span class='ocrx_word' id='word_1_107' title='bbox 1610 2462 1738 2527; x_wconf 89' lang='lat' dir='ltr'><strong>eius</strong></span> <span class='ocrx_word' id='word_1_108' title='bbox 1814 2464 1923 2549; x_wconf 90' lang='lat' dir='ltr'><strong>qui</strong></span> <span class='ocrx_word' id='word_1_109' title='bbox 1996 2466 2192 2529; x_wconf 90' lang='lat' dir='ltr'><strong>minor</strong></span> <span class='ocrx_word' id='word_1_110' title='bbox 2256 2472 2345 2531; x_wconf 87' lang='lat' dir='ltr'><strong>est</strong></span> <span class='ocrx_word' id='word_1_111' title='bbox 2405 2470 2489 2532; x_wconf 81' lang='lat'><strong>20</strong></span> 
     </span>
     <span class='ocr_line' id='line_1_16' title="bbox 243 2589 2493 2669; baseline 0 -10"><span class='ocrx_word' id='word_1_112' title='bbox 243 2614 548 2660; x_wconf 87' lang='lat' dir='ltr'><strong>annorum</strong></span> <span class='ocrx_word' id='word_1_113' title='bbox 595 2590 985 2658; x_wconf 87' lang='lat' dir='ltr'><strong>manumissio</strong></span> <span class='ocrx_word' id='word_1_114' title='bbox 1036 2598 1170 2655; x_wconf 89' lang='lat' dir='ltr'><strong>tum</strong></span> <span class='ocrx_word' id='word_1_115' title='bbox 1219 2589 1463 2655; x_wconf 88' lang='lat' dir='ltr'><strong>demum</strong></span> <span class='ocrx_word' id='word_1_116' title='bbox 1516 2594 1643 2656; x_wconf 87' lang='lat' dir='ltr'><strong>rata</strong></span> <span class='ocrx_word' id='word_1_117' title='bbox 1691 2596 1819 2669; x_wconf 88' lang='lat' dir='ltr'><strong>est,</strong></span> <span class='ocrx_word' id='word_1_118' title='bbox 1874 2589 2068 2669; x_wconf 87' lang='lat' dir='ltr'><strong>„dum</strong></span> <span class='ocrx_word' id='word_1_119' title='bbox 2119 2639 2353 2659; x_wconf 92' lang='grc'><strong>.......</strong></span> <span class='ocrx_word' id='word_1_120' title='bbox 2404 2593 2493 2660; x_wconf 85' lang='lat' dir='ltr'><strong>ita</strong></span> 
     </span>
     <span class='ocr_line' id='line_1_17' title="bbox 243 2719 2495 2803; baseline 0 -16"><span class='ocrx_word' id='word_1_121' title='bbox 243 2721 674 2801; x_wconf 86' lang='lat' dir='ltr'><strong>manumittat,</strong></span> <span class='ocrx_word' id='word_1_122' title='bbox 752 2719 806 2783; x_wconf 86' lang='lat' dir='ltr'><strong>si</strong></span> <span class='ocrx_word' id='word_1_123' title='bbox 879 2740 1118 2783; x_wconf 84' lang='lat' dir='ltr'><strong>eausam</strong></span> <span class='ocrx_word' id='word_1_124' title='bbox 1183 2719 1656 2784; x_wconf 87' lang='lat' dir='ltr'><strong>manumittendi</strong></span> <span class='ocrx_word' id='word_1_125' title='bbox 1720 2719 1948 2803; x_wconf 87' lang='lat' dir='ltr'><strong>justam</strong></span> <span class='ocrx_word' id='word_1_126' title='bbox 1999 2742 2125 2784; x_wconf 87' lang='lat' dir='ltr'><strong>esse</strong></span> <span class='ocrx_word' id='word_1_127' title='bbox 2182 2720 2236 2786; x_wconf 88' lang='lat' dir='ltr'><strong>is</strong></span> <span class='ocrx_word' id='word_1_128' title='bbox 2285 2743 2495 2788; x_wconf 90' lang='lat' dir='ltr'><strong>nume-</strong></span> 
     </span>
     <span class='ocr_line' id='line_1_18' title="bbox 239 2845 2486 2933; baseline -0 -18"><span class='ocrx_word' id='word_1_129' title='bbox 239 2873 348 2916; x_wconf 90' lang='lat' dir='ltr'><strong>rus</strong></span> <span class='ocrx_word' id='word_1_130' title='bbox 397 2847 828 2927; x_wconf 88' lang='lat' dir='ltr'><strong>decurionum,</strong></span> <span class='ocrx_word' id='word_1_131' title='bbox 880 2870 988 2933; x_wconf 87' lang='lat' dir='ltr'><strong>per</strong></span> <span class='ocrx_word' id='word_1_132' title='bbox 1035 2869 1214 2931; x_wconf 89' lang='lat' dir='ltr'><strong>quem</strong></span> <span class='ocrx_word' id='word_1_133' title='bbox 1265 2847 1504 2911; x_wconf 86' lang='lat' dir='ltr'><strong>decreta</strong></span> <span class='ocrx_word' id='word_1_134' title='bbox 1552 2846 1713 2910; x_wconf 85' lang='lat' dir='ltr'><strong>facta</strong></span> <span class='ocrx_word' id='word_1_135' title='bbox 1762 2846 1874 2911; x_wconf 90' lang='lat' dir='ltr'><strong>hac</strong></span> <span class='ocrx_word' id='word_1_136' title='bbox 1929 2845 2063 2931; x_wconf 89' lang='lat' dir='ltr'><strong>lege</strong></span> <span class='ocrx_word' id='word_1_137' title='bbox 2112 2855 2241 2912; x_wconf 85' lang='lat' dir='ltr'><strong>rata</strong></span> <span class='ocrx_word' id='word_1_138' title='bbox 2305 2855 2486 2929; x_wconf 89' lang='lat' dir='ltr'><strong>sunt,</strong></span> 
     </span>
     <span class='ocr_line' id='line_1_19' title="bbox 242 2973 2490 3061; baseline -0.002 -15"><span class='ocrx_word' id='word_1_139' title='bbox 242 2975 607 3046; x_wconf 87' lang='lat' dir='ltr'><strong>censuerit.&#39;’</strong></span> <span class='ocrx_word' id='word_1_140' title='bbox 669 2977 806 3041; x_wconf 87' lang='lat' dir='ltr'><strong>Hoc</strong></span> <span class='ocrx_word' id='word_1_141' title='bbox 852 2975 1142 3061; x_wconf 89' lang='lat' dir='ltr'><strong>placitum</strong></span> <span class='ocrx_word' id='word_1_142' title='bbox 1191 2974 1389 3038; x_wconf 90' lang='lat' dir='ltr'><strong>solum</strong></span> <span class='ocrx_word' id='word_1_143' title='bbox 1439 2973 1562 3038; x_wconf 92' lang='lat' dir='ltr'><strong>huc</strong></span> <span class='ocrx_word' id='word_1_144' title='bbox 1594 2973 1895 3059; x_wconf 88' lang='lat' dir='ltr'><strong>pertinet,</strong></span> <span class='ocrx_word' id='word_1_145' title='bbox 1930 2996 2067 3039; x_wconf 89' lang='lat' dir='ltr'><strong>cum</strong></span> <span class='ocrx_word' id='word_1_146' title='bbox 2116 2975 2204 3040; x_wconf 90' lang='lat' dir='ltr'><strong>ibi</strong></span> <span class='ocrx_word' id='word_1_147' title='bbox 2249 2981 2490 3042; x_wconf 86' lang='lat' dir='ltr'><strong>tantum</strong></span> 
     </span>
     <span class='ocr_line' id='line_1_20' title="bbox 245 3101 1243 3188; baseline -0.002 -17"><span class='ocrx_word' id='word_1_148' title='bbox 245 3109 556 3172; x_wconf 85' lang='lat' dir='ltr'><strong>decretum</strong></span> <span class='ocrx_word' id='word_1_149' title='bbox 605 3103 831 3169; x_wconf 89' lang='lat' dir='ltr'><strong>ordinis</strong></span> <span class='ocrx_word' id='word_1_150' title='bbox 879 3101 1243 3188; x_wconf 88' lang='lat' dir='ltr'><strong>requiratur.</strong></span> 
     </span>
    </p>

    <p class='ocr_par' dir='ltr' id='par_1_5' title="bbox 241 3227 2493 3701">
     <span class='ocr_line' id='line_1_21' title="bbox 435 3227 2493 3316; baseline -0.001 -19"><span class='ocrx_word' id='word_1_151' title='bbox 435 3229 603 3297; x_wconf 90' lang='lat' dir='ltr'><strong>Ordo</strong></span> <span class='ocrx_word' id='word_1_152' title='bbox 691 3230 969 3315; x_wconf 86' lang='lat' dir='ltr'><strong>fungitur</strong></span> <span class='ocrx_word' id='word_1_153' title='bbox 1057 3230 1188 3294; x_wconf 88' lang='lat' dir='ltr'><strong>vice</strong></span> <span class='ocrx_word' id='word_1_154' title='bbox 1261 3228 1506 3293; x_wconf 89' lang='lat' dir='ltr'><strong>consilii</strong></span> <span class='ocrx_word' id='word_1_155' title='bbox 1578 3229 1641 3292; x_wconf 82' lang='lat' dir='ltr'><strong>in</strong></span> <span class='ocrx_word' id='word_1_156' title='bbox 1728 3227 2229 3309; x_wconf 84' lang='lat' dir='ltr'><strong>manumissione3</strong></span> <span class='ocrx_word' id='word_1_157' title='bbox 2327 3232 2493 3316; x_wconf 92' lang='lat' dir='ltr'><strong>quod</strong></span> 
     </span>
     <span class='ocr_line' id='line_1_22' title="bbox 243 3357 2493 3448; baseline -0.002 -22"><span class='ocrx_word' id='word_1_158' title='bbox 243 3382 494 3448; x_wconf 90' lang='lat' dir='ltr'><strong>prorsus</strong></span> <span class='ocrx_word' id='word_1_159' title='bbox 565 3359 845 3444; x_wconf 88' lang='lat' dir='ltr'><strong>ignotum</strong></span> <span class='ocrx_word' id='word_1_160' title='bbox 912 3363 1039 3422; x_wconf 89' lang='lat' dir='ltr'><strong>erat</strong></span> <span class='ocrx_word' id='word_1_161' title='bbox 1087 3365 1229 3422; x_wconf 86' lang='lat' dir='ltr'><strong>ante</strong></span> <span class='ocrx_word' id='word_1_162' title='bbox 1277 3357 1475 3442; x_wconf 91' lang='lat' dir='ltr'><strong>legem</strong></span> <span class='ocrx_word' id='word_1_163' title='bbox 1524 3363 1807 3421; x_wconf 85' lang='lat' dir='ltr'><strong>nostram.</strong></span> <span class='ocrx_word' id='word_1_164' title='bbox 1906 3357 2206 3443; x_wconf 85' lang='lat' dir='ltr'><strong>Analogia</strong></span> <span class='ocrx_word' id='word_1_165' title='bbox 2254 3358 2493 3423; x_wconf 87' lang='lat' dir='ltr'><strong>consilii</strong></span> 
     </span>
     <span class='ocr_line' id='line_1_23' title="bbox 241 3485 2492 3572; baseline -0.003 -16"><span class='ocrx_word' id='word_1_166' title='bbox 241 3511 490 3556; x_wconf 88' lang='lat' dir='ltr'><strong>causam</strong></span> <span class='ocrx_word' id='word_1_167' title='bbox 539 3486 1037 3552; x_wconf 87' lang='lat' dir='ltr'><strong>manumissionis</strong></span> <span class='ocrx_word' id='word_1_168' title='bbox 1083 3486 1400 3572; x_wconf 87' lang='lat' dir='ltr'><strong>probantis</strong></span> <span class='ocrx_word' id='word_1_169' title='bbox 1459 3487 1521 3550; x_wconf 91' lang='lat' dir='ltr'><strong>in</strong></span> <span class='ocrx_word' id='word_1_170' title='bbox 1571 3485 1721 3551; x_wconf 87' lang='lat' dir='ltr'><strong>Jure</strong></span> <span class='ocrx_word' id='word_1_171' title='bbox 1768 3486 2041 3551; x_wconf 86' lang='lat' dir='ltr'><strong>Romano</strong></span> <span class='ocrx_word' id='word_1_172' title='bbox 2091 3486 2156 3551; x_wconf 86' lang='lat' dir='ltr'><strong>in</strong></span> <span class='ocrx_word' id='word_1_173' title='bbox 2205 3495 2492 3572; x_wconf 88' lang='lat' dir='ltr'><strong>promptu</strong></span> 
     </span>
     <span class='ocr_line' id='line_1_24' title="bbox 244 3613 2491 3701; baseline -0.002 -18"><span class='ocrx_word' id='word_1_174' title='bbox 244 3623 379 3696; x_wconf 90' lang='lat' dir='ltr'><strong>est,</strong></span> <span class='ocrx_word' id='word_1_175' title='bbox 427 3615 704 3700; x_wconf 90' lang='lat' dir='ltr'><strong>illudque</strong></span> <span class='ocrx_word' id='word_1_176' title='bbox 750 3614 1045 3700; x_wconf 87' lang='lat' dir='ltr'><strong>placitum</strong></span> <span class='ocrx_word' id='word_1_177' title='bbox 1092 3615 1157 3678; x_wconf 91' lang='lat' dir='ltr'><strong>in</strong></span> <span class='ocrx_word' id='word_1_178' title='bbox 1205 3614 1400 3700; x_wconf 87' lang='lat' dir='ltr'><strong>legem</strong></span> <span class='ocrx_word' id='word_1_179' title='bbox 1448 3615 1885 3701; x_wconf 86' lang='lat' dir='ltr'><strong>Salpensanam</strong></span> <span class='ocrx_word' id='word_1_180' title='bbox 1935 3637 2010 3679; x_wconf 86' lang='lat' dir='ltr'><strong>ex</strong></span> <span class='ocrx_word' id='word_1_181' title='bbox 2050 3616 2185 3699; x_wconf 86' lang='lat' dir='ltr'><strong>jure</strong></span> <span class='ocrx_word' id='word_1_182' title='bbox 2216 3613 2491 3680; x_wconf 83' lang='lat' dir='ltr'><strong>Romano</strong></span> 
     </span>
    </p>
   </div>
   <div class='ocr_carea' id='block_1_3' title="bbox 245 3742 1094 3833">
    <p class='ocr_par' dir='ltr' id='par_1_6' title="bbox 245 3742 1094 3833">
     <span class='ocr_line' id='line_1_25' title="bbox 245 3742 1094 3833; baseline -0.007 -21"><span class='ocrx_word' id='word_1_183' title='bbox 245 3746 536 3833; x_wconf 88' lang='lat' dir='ltr'><strong>migrasse</strong></span> <span class='ocrx_word' id='word_1_184' title='bbox 586 3742 776 3809; x_wconf 88' lang='lat' dir='ltr'><strong>dubio</strong></span> <span class='ocrx_word' id='word_1_185' title='bbox 827 3748 988 3807; x_wconf 86' lang='lat' dir='ltr'><strong>caret</strong></span> <span class='ocrx_word' id='word_1_186' title='bbox 1028 3743 1094 3828; x_wconf 92' lang='lat'><strong>¹).</strong></span> 
     </span>
    </p>
   </div>
   <div class='ocr_carea' id='block_1_4' title="bbox 247 3974 656 3986">
    <p class='ocr_par' dir='ltr' id='par_1_7' title="bbox 247 3974 656 3986">
     <span class='ocr_line' id='line_1_26' title="bbox 247 3974 656 3986; baseline 0 1277"><span class='ocrx_word' id='word_1_187' title='bbox 247 3974 656 3986; x_wconf 95' lang='lat' dir='ltr'><strong> </strong></span> 
     </span>
    </p>
   </div>
   <div class='ocr_carea' id='block_1_5' title="bbox 237 4114 2493 4605">
    <p class='ocr_par' dir='ltr' id='par_1_8' title="bbox 237 4114 2493 4605">
     <span class='ocr_line' id='line_1_27' title="bbox 388 4114 2491 4181; baseline 0 -16"><span class='ocrx_word' id='word_1_188' title='bbox 388 4117 425 4177; x_wconf 82' lang='lat'><strong>¹)</strong></span> <span class='ocrx_word' id='word_1_189' title='bbox 495 4115 814 4166; x_wconf 83' lang='lat' dir='ltr'><strong>Consentiunt</strong></span> <span class='ocrx_word' id='word_1_190' title='bbox 849 4115 907 4164; x_wconf 85' lang='lat' dir='ltr'><strong>de</strong></span> <span class='ocrx_word' id='word_1_191' title='bbox 941 4114 1032 4164; x_wconf 81' lang='lat' dir='ltr'><strong>hac</strong></span> <span class='ocrx_word' id='word_1_192' title='bbox 1067 4129 1118 4164; x_wconf 87' lang='lat' dir='ltr'><strong>re</strong></span> <span class='ocrx_word' id='word_1_193' title='bbox 1151 4114 1460 4181; x_wconf 82' lang='lat' dir='ltr'><strong>interpretes3</strong></span> <span class='ocrx_word' id='word_1_194' title='bbox 1507 4114 1616 4164; x_wconf 80' lang='lat' dir='ltr'><strong>vide</strong></span> <span class='ocrx_word' id='word_1_195' title='bbox 1650 4127 1935 4173; x_wconf 60' lang='lat' dir='ltr'><strong>nomisma,</strong></span> <span class='ocrx_word' id='word_1_196' title='bbox 1976 4114 2275 4164; x_wconf 74' lang='lat' dir='ltr'><strong>Stadtrecbte</strong></span> <span class='ocrx_word' id='word_1_197' title='bbox 2309 4131 2356 4180; x_wconf 86' lang='lat' dir='ltr'><strong>p.</strong></span> <span class='ocrx_word' id='word_1_198' title='bbox 2392 4115 2491 4165; x_wconf 81' lang='lat'><strong>413</strong></span> 
     </span>
     <span class='ocr_line' id='line_1_28' title="bbox 241 4197 2489 4265; baseline -0.002 -11"><span class='ocrx_word' id='word_1_199' title='bbox 241 4207 347 4254; x_wconf 85' lang='lat' dir='ltr'><strong>not.</strong></span> <span class='ocrx_word' id='word_1_200' title='bbox 403 4200 486 4253; x_wconf 82' lang='lat'><strong>57.</strong></span> <span class='ocrx_word' id='word_1_201' title='bbox 532 4201 592 4250; x_wconf 79' lang='lat' dir='ltr'><strong>cf.</strong></span> <span class='ocrx_word' id='word_1_202' title='bbox 646 4217 694 4265; x_wconf 87' lang='lat' dir='ltr'><strong>p.</strong></span> <span class='ocrx_word' id='word_1_203' title='bbox 747 4197 864 4252; x_wconf 81' lang='lat'><strong>437.</strong></span> <span class='ocrx_word' id='word_1_204' title='bbox 934 4200 1220 4250; x_wconf 62' lang='lat' dir='ltr'><strong>Das-nsum</strong></span> <span class='ocrx_word' id='word_1_205' title='bbox 1274 4200 1323 4250; x_wconf 88' lang='lat' dir='ltr'><strong>in</strong></span> <span class='ocrx_word' id='word_1_206' title='bbox 1382 4201 1676 4250; x_wconf 71' lang='lat' dir='ltr'><strong>commentat.</strong></span> <span class='ocrx_word' id='word_1_207' title='bbox 1729 4201 1761 4250; x_wconf 81' lang='lat' dir='ltr'><strong>l.</strong></span> <span class='ocrx_word' id='word_1_208' title='bbox 1798 4215 1845 4265; x_wconf 87' lang='lat' dir='ltr'><strong>p.</strong></span> <span class='ocrx_word' id='word_1_209' title='bbox 1883 4200 1947 4250; x_wconf 88' lang='grc'><strong>90</strong></span> <span class='ocrx_word' id='word_1_210' title='bbox 1984 4204 2032 4248; x_wconf 84' lang='lat' dir='ltr'><strong>et</strong></span> <span class='ocrx_word' id='word_1_211' title='bbox 2066 4213 2404 4258; x_wconf 63' lang='lat' dir='ltr'><strong>munuum,</strong></span> <span class='ocrx_word' id='word_1_212' title='bbox 2438 4199 2489 4249; x_wconf 85' lang='lat' dir='ltr'><strong>in</strong></span> 
     </span>
     <span class='ocr_line' id='line_1_29' title="bbox 241 4285 2493 4356; baseline -0.003 -16"><span class='ocrx_word' id='word_1_213' title='bbox 241 4289 428 4356; x_wconf 85' lang='lat' dir='ltr'><strong>Opere:</strong></span> <span class='ocrx_word' id='word_1_214' title='bbox 483 4288 577 4336; x_wconf 75' lang='lat' dir='ltr'><strong>Les</strong></span> <span class='ocrx_word' id='word_1_215' title='bbox 626 4286 809 4344; x_wconf 72' lang='lat' dir='ltr'><strong>Tables,</strong></span> <span class='ocrx_word' id='word_1_216' title='bbox 863 4301 910 4350; x_wconf 83' lang='lat' dir='ltr'><strong>p.</strong></span> <span class='ocrx_word' id='word_1_217' title='bbox 965 4286 1030 4334; x_wconf 83' lang='lat'><strong>24</strong></span> <span class='ocrx_word' id='word_1_218' title='bbox 1087 4290 1171 4335; x_wconf 86' lang='lat' dir='ltr'><strong>not</strong></span> <span class='ocrx_word' id='word_1_219' title='bbox 1208 4286 1290 4336; x_wconf 83' lang='lat'><strong>36.</strong></span> <span class='ocrx_word' id='word_1_220' title='bbox 1327 4285 1484 4351; x_wconf 80' lang='lat' dir='ltr'><strong>Negat</strong></span> <span class='ocrx_word' id='word_1_221' title='bbox 1518 4289 1679 4334; x_wconf 75' lang='lat' dir='ltr'><strong>tamen</strong></span> <span class='ocrx_word' id='word_1_222' title='bbox 1717 4298 1969 4334; x_wconf 72' lang='lat' dir='ltr'><strong>otucxssn</strong></span> <span class='ocrx_word' id='word_1_223' title='bbox 2005 4285 2053 4333; x_wconf 90' lang='lat' dir='ltr'><strong>in</strong></span> <span class='ocrx_word' id='word_1_224' title='bbox 2094 4287 2493 4335; x_wconf 70' lang='lat' dir='ltr'><strong>commentatione</strong></span> 
     </span>
     <span class='ocr_line' id='line_1_30' title="bbox 239 4369 2491 4436; baseline -0.003 -10"><span class='ocrx_word' id='word_1_225' title='bbox 239 4373 510 4426; x_wconf 72' lang='lat' dir='ltr'><strong>Annalibus</strong></span> <span class='ocrx_word' id='word_1_226' title='bbox 558 4370 708 4422; x_wconf 74' lang='lat' dir='ltr'><strong>Acad.</strong></span> <span class='ocrx_word' id='word_1_227' title='bbox 759 4371 919 4421; x_wconf 79' lang='lat' dir='ltr'><strong>Berol.</strong></span> <span class='ocrx_word' id='word_1_228' title='bbox 971 4371 1151 4420; x_wconf 75' lang='lat' dir='ltr'><strong>inserta</strong></span> <span class='ocrx_word' id='word_1_229' title='bbox 1207 4387 1257 4435; x_wconf 87' lang='lat' dir='ltr'><strong>p.</strong></span> <span class='ocrx_word' id='word_1_230' title='bbox 1294 4369 1421 4429; x_wconf 56' lang='lat'><strong>701„</strong></span> <span class='ocrx_word' id='word_1_231' title='bbox 1457 4369 1583 4428; x_wconf 77' lang='lat'><strong>702,</strong></span> <span class='ocrx_word' id='word_1_232' title='bbox 1622 4369 1705 4420; x_wconf 88' lang='lat' dir='ltr'><strong>ubi</strong></span> <span class='ocrx_word' id='word_1_233' title='bbox 1742 4369 1990 4420; x_wconf 86' lang='lat' dir='ltr'><strong>contendit</strong></span> <span class='ocrx_word' id='word_1_234' title='bbox 2016 4373 2321 4436; x_wconf 81' lang='lat' dir='ltr'><strong>praeceptum</strong></span> <span class='ocrx_word' id='word_1_235' title='bbox 2363 4370 2491 4433; x_wconf 88' lang='lat' dir='ltr'><strong>quod</strong></span> 
     </span>
     <span class='ocr_line' id='line_1_31' title="bbox 238 4453 2491 4520; baseline -0.003 -10"><span class='ocrx_word' id='word_1_236' title='bbox 238 4458 518 4510; x_wconf 80' lang='lat' dir='ltr'><strong>continetur</strong></span> <span class='ocrx_word' id='word_1_237' title='bbox 569 4455 660 4505; x_wconf 79' lang='lat' dir='ltr'><strong>bae</strong></span> <span class='ocrx_word' id='word_1_238' title='bbox 713 4456 817 4519; x_wconf 84' lang='lat' dir='ltr'><strong>lege</strong></span> <span class='ocrx_word' id='word_1_239' title='bbox 867 4455 1088 4520; x_wconf 86' lang='lat' dir='ltr'><strong>exemplo</strong></span> <span class='ocrx_word' id='word_1_240' title='bbox 1141 4455 1286 4506; x_wconf 81' lang='lat' dir='ltr'><strong>fuisse</strong></span> <span class='ocrx_word' id='word_1_241' title='bbox 1342 4455 1401 4504; x_wconf 83' lang='lat' dir='ltr'><strong>iis</strong></span> <span class='ocrx_word' id='word_1_242' title='bbox 1454 4455 1539 4520; x_wconf 86' lang='lat' dir='ltr'><strong>qui</strong></span> <span class='ocrx_word' id='word_1_243' title='bbox 1590 4456 1743 4519; x_wconf 78' lang='lat' dir='ltr'><strong>legem</strong></span> <span class='ocrx_word' id='word_1_244' title='bbox 1780 4455 1964 4505; x_wconf 77' lang='lat' dir='ltr'><strong>Aeliam</strong></span> <span class='ocrx_word' id='word_1_245' title='bbox 2000 4455 2213 4504; x_wconf 70' lang='lat' dir='ltr'><strong>Sentium</strong></span> <span class='ocrx_word' id='word_1_246' title='bbox 2248 4453 2491 4504; x_wconf 76' lang='lat' dir='ltr'><strong>tulerunt:</strong></span> 
     </span>
     <span class='ocr_line' id='line_1_32' title="bbox 237 4540 2486 4605; baseline -0.003 -10"><span class='ocrx_word' id='word_1_247' title='bbox 237 4545 349 4595; x_wconf 79' lang='lat' dir='ltr'><strong>aliis</strong></span> <span class='ocrx_word' id='word_1_248' title='bbox 402 4541 558 4593; x_wconf 85' lang='lat' dir='ltr'><strong>verbis</strong></span> <span class='ocrx_word' id='word_1_249' title='bbox 592 4557 650 4591; x_wconf 87' lang='lat' dir='ltr'><strong>ex</strong></span> <span class='ocrx_word' id='word_1_250' title='bbox 681 4541 790 4604; x_wconf 84' lang='lat' dir='ltr'><strong>jure</strong></span> <span class='ocrx_word' id='word_1_251' title='bbox 823 4541 994 4591; x_wconf 80' lang='lat' dir='ltr'><strong>Latino</strong></span> <span class='ocrx_word' id='word_1_252' title='bbox 1029 4540 1274 4591; x_wconf 79' lang='lat' dir='ltr'><strong>Romanos</strong></span> <span class='ocrx_word' id='word_1_253' title='bbox 1310 4541 1541 4592; x_wconf 85' lang='lat' dir='ltr'><strong>eiusmodi</strong></span> <span class='ocrx_word' id='word_1_254' title='bbox 1578 4541 1969 4592; x_wconf 81' lang='lat' dir='ltr'><strong>constitutionem</strong></span> <span class='ocrx_word' id='word_1_255' title='bbox 2006 4540 2259 4605; x_wconf 80' lang='lat' dir='ltr'><strong>accepisse.</strong></span> <span class='ocrx_word' id='word_1_256' title='bbox 2330 4540 2486 4604; x_wconf 85' lang='lat' dir='ltr'><strong>Argu·</strong></span> 
     </span>
    </p>
   </div>
   <div class='ocr_carea' id='block_1_6' title="bbox 2166 4639 2202 4697">
    <p class='ocr_par' dir='ltr' id='par_1_9' title="bbox 2166 4639 2202 4697">
     <span class='ocr_line' id='line_1_33' title="bbox 2166 4639 2202 4697; baseline 0 0"><span class='ocrx_word' id='word_1_257' title='bbox 2166 4639 2202 4697; x_wconf 88' lang='grc'>6</span> 
     </span>
    </p>
   </div>
  </div>
 </body>
</html>
