3027 5263
1566 550 1696 615 188

692 745 907 832 Itaque
955 767 1026 811 eo
1074 744 1351 832 pervenit
1400 743 1728 828 disputatio
1779 765 1910 808 mea
1935 750 2042 820 ut,
2078 751 2375 830 quantum
2411 769 2519 831 per
2549 747 2754 812 fontes

504 871 715 949 licuit,
770 873 844 938 de
891 872 1181 960 praedum
1236 871 1741 958 praediorumque
1767 871 2114 936 venditione
2143 872 2434 950 dixerim3
2485 877 2757 940 concedo

504 999 747 1084 quidem
798 1023 924 1066 non
974 1000 1179 1066 omnia
1230 1021 1383 1084 quae
1433 997 1511 1062 ad
1561 997 1677 1062 hoc
1725 1007 2151 1082 argumentum
2183 1000 2526 1083 pertineant
2549 1001 2759 1087 explo-

506 1135 635 1194 rata
682 1151 806 1194 esse
823 1155 843 1210 3
894 1129 1107 1194 saltem
1156 1130 1277 1194 hoc
1324 1126 1689 1192 contendere
1722 1126 1865 1191 licet
1900 1126 2096 1212 legem
2129 1127 2564 1194 Malacitanam
2591 1153 2760 1196 nova

504 1256 800 1342 quaedam
854 1257 1061 1344 magni
1112 1254 1409 1321 momenti
1460 1253 1812 1340 prodidisse.
1911 1254 2197 1340 Superest
2256 1263 2326 1321 ut
2374 1256 2758 1343 explicetur:

696 1640 736 1718 ς
774 1639 830 1702 6.
912 1640 1018 1700 Ius
1056 1637 1217 1716 quod
1254 1635 1608 1716 praediator
1653 1634 2011 1714 acquirebat
2055 1635 2122 1696 in
2167 1653 2266 1698 res
2303 1643 2556 1718 emptas.

693 1899 1109 1966 Praediatores
1174 1897 1561 1985 appellantur
1623 1897 1672 1962 ii
1739 1897 1847 1982 qui
1894 1897 2144 1982 praedes
2194 1899 2556 1984 praediaque
2609 1927 2764 1969 mer-

508 2029 832 2109 cabantur,
888 2029 1049 2114 quod
1102 2027 1376 2114 quamvis
1411 2049 1536 2090 non
1569 2048 1806 2110 semper
1829 2025 2256 2091 concederetur
2295 2027 2376 2111 ¹),
2432 2033 2762 2116 perspicue

511 2163 713 2222 tamen
762 2157 993 2222 factum
1043 2156 1230 2221 fuisse
1276 2175 1457 2220 GAms
1506 2160 1798 2229 testatur,
1855 2153 2098 2218 dicens:
2173 2155 2326 2239 „qui
2377 2165 2680 2224 mercatur
2729 2185 2767 2226 a

506 2284 733 2370 populo
781 2284 1122 2370 praediator
1174 2282 1516 2368 appellatur
1549 2281 1666 2364 ²).'’
1714 2281 1868 2345 Illos
1919 2281 2006 2345 uti
2051 2281 2405 2367 publicanos
2441 2287 2764 2354 societates

507 2411 719 2476 iniisse
747 2411 977 2498 exlege
1029 2409 1400 2476 Malacitana
1450 2431 1589 2473 mox
1636 2407 1973 2494 apparebit,
2026 2409 2192 2495 prius
2241 2417 2444 2476 tamen
2462 2413 2564 2498 jus
2593 2439 2766 2501 prae-

512 2539 760 2604 diatoris
808 2539 875 2603 in
917 2561 1009 2603 res
1068 2544 1299 2623 emptas
1357 2536 1660 2600 illustrare
1711 2534 1993 2600 conabor.

696 2666 1036 2753 Opiniones
1086 2665 1350 2730 virorum
1401 2664 1717 2729 doctorum
1767 2664 1842 2728 de
1893 2664 2008 2729 hoc
2049 2664 2185 2749 jure
2219 2672 2381 2730 arcte
2430 2669 2763 2737 cohaerent

512 2816 651 2858 eum
715 2795 980 2872 ratione,
1041 2816 1159 2880 qua
1219 2799 1494 2857 naturam
1563 2792 1932 2856 venditionis
1997 2791 2337 2877 explicant,
2406 2802 2589 2881 atque
2661 2801 2764 2865 vix

512 2943 681 2986 secus
754 2944 887 2985 esse
960 2928 1159 3006 potest
1173 2948 1190 3000 3
1257 2922 1461 3006 itaque
1509 2920 1654 2983 hinc
1697 2920 1818 3005 jam
1886 2918 2024 2983 licet
2072 2921 2400 3005 suspicari,
2453 2925 2519 2987 in
2571 2928 2766 2992 varias

512 3057 714 3135 partes
762 3050 1002 3115 illorum
1054 3050 1372 3135 opiniones
1419 3050 1483 3112 in
1535 3049 1645 3111 hac
1695 3070 1937 3132 quoque
1983 3070 2049 3111 re
2098 3047 2282 3113 abire.

699 3178 1027 3242 MOMMSEN
1060 3177 1107 3265 ³)
1159 3184 1370 3261 putat,
1422 3178 1475 3240 si
1524 3175 1772 3261 praedia
1837 3175 2084 3241 vendita
2130 3176 2256 3240 sint
2305 3177 2436 3263 lege
2485 3183 2764 3265 praedia·

511 3306 667 3370 toria
714 3313 1044 3392 emptorem
1092 3306 1285 3391 redigi
1334 3306 1398 3369 in
1456 3304 1876 3370 condicionem
1919 3304 2230 3369 creditoris
2264 3306 2605 3387 fiduciarii,
2659 3312 2765 3375 cui

512 3434 564 3497 si
638 3457 809 3519 praes
884 3434 1155 3498 debitum
1221 3434 1509 3512 solveret,
1561 3455 1763 3497 rerum
1813 3454 2054 3497 suarum
2109 3432 2450 3499 dominium
2499 3438 2768 3523 recipere

514 3563 782 3647 potuisse
834 3561 1146 3628 contendit
1163 3586 1183 3639 ;
1234 3562 1333 3625 cui
1398 3561 1679 3647 opinioni
1711 3582 1949 3645 prorsus
1997 3560 2269 3625 assentiri
2319 3562 2468 3627 dicit
2517 3584 2760 3643 GAIOM,

512 3692 816 3778 usurecipi
855 3691 1218 3756 scribentem
1267 3688 1578 3775 praedium
1630 3689 1760 3774 lege
1809 3688 2206 3773 praediatoria
2255 3712 2288 3753 a
2340 3691 2572 3776 populo
2619 3715 2766 3759 ven·

514 3819 713 3885 ditum
744 3821 815 3905 4).
864 3818 1327 3885 Animadvertas
1377 3824 1582 3882 tamen
1631 3816 1852 3881 IOtum
1902 3839 2026 3881 non
2061 3817 2190 3881 eius
2224 3817 2457 3902 praedii
2482 3826 2764 3899 tantum,

659 4142 693 4205 ¹)
766 4143 883 4191 Vide
938 4158 979 4193 v.
1007 4158 1052 4205 g.
1092 4153 1357 4191 nacnormz
1394 4140 1444 4189 in
1482 4139 1660 4205 Opere:
1717 4140 2010 4205 Pfandreclat
2044 4155 2091 4204 p.
2131 4139 2254 4198 219,
2295 4142 2462 4188 contra
2499 4144 2658 4190 tamen
2695 4156 2758 4190 ex

516 4228 735 4293 pluribus
773 4240 947 4275 arvina
980 4226 1029 4275 in
1073 4226 1157 4288 Op.
1192 4227 1227 4274 l.
1264 4242 1309 4289 p.
1351 4225 1472 4284 103,
1516 4225 1632 4275 104.

656 4311 695 4374 ²)
768 4313 825 4361 In
864 4311 1007 4361 Libro
1049 4311 1101 4369 2,
1140 4312 1261 4361 Inst.
1297 4312 1319 4371 ς
1357 4310 1437 4359 61.

656 4398 698 4457 ³)
769 4397 826 4447 In
866 4396 1045 4462 Operer
1084 4396 1381 4445 Stadtreckte
1416 4412 1462 4460 p.
1501 4392 1618 4445 476.

654 4481 702 4546 4)
770 4482 887 4533 vide
923 4485 1047 4533 auct.
1085 4482 1136 4531 in
1172 4481 1353 4547 Opere:
1395 4480 1692 4532 Stadtreclaete
1725 4496 1773 4547 p.
1810 4478 1928 4531 476.
