3027 5263
1628 635 1711 695 20

549 831 892 898 Romanum
968 828 1323 915 participem
1369 847 1494 891 esse
1540 845 1719 912 posse
1766 823 2028 888 civitatis
2074 820 2385 890 Romanae
2434 832 2495 891 et
2542 827 2793 895 alterius

547 959 825 1025 civitatis,

737 1084 1030 1166 Quaestio
1078 1083 1220 1147 inde
1268 1081 1461 1146 oritur
1520 1085 1728 1144 utrum
1780 1078 2121 1164 municipes
2178 1080 2472 1164 cuiusque
2522 1081 2795 1147 civitatis

545 1237 685 1279 cum
733 1214 892 1278 cives
939 1210 1199 1276 Romani
1248 1210 1462 1274 fierent
1510 1207 1818 1272 civitatem
1864 1204 2035 1270 urbis
2084 1205 2247 1270 unde
2296 1207 2414 1270 orti
2464 1215 2665 1273 essent
2698 1233 2795 1274 re-

543 1339 842 1404 tinuerint
889 1361 966 1402 an
1019 1359 1160 1400 vero
1215 1332 1571 1400 amiserint?
1624 1335 1673 1396 si
1724 1333 2065 1411 amiserint,
2135 1353 2371 1396 summo
2412 1334 2547 1418 jure
2580 1337 2794 1419 quaeri

544 1469 735 1554 possit
782 1487 966 1552 quare
995 1464 1236 1550 saepius
1261 1462 1442 1526 iidem
1479 1461 1818 1546 municipes
1844 1468 1905 1522 et
1929 1460 2092 1524 cives
2116 1459 2378 1523 Romani
2402 1461 2686 1527 dicantur
2718 1464 2792 1548 ¹).

726 1592 883 1657 Rem
929 1591 1104 1655 facile
1153 1589 1424 1674 expediri
1472 1610 1645 1674 posse
1693 1586 1950 1650 arbitror
1976 1587 2029 1649 si
2088 1591 2425 1651 statuamus
2450 1590 2791 1655 secundum

531 1721 636 1806 jus
682 1718 1029 1783 Romanum
1077 1739 1218 1780 eum
1268 1715 1375 1801 qui
1402 1713 1705 1778 civitatem
1733 1712 2067 1776 Romanam
2096 1720 2456 1778 consecutus
2490 1717 2568 1778 sit
2594 1716 2792 1782 civem

542 1846 888 1910 Romanum
935 1862 1134 1927 neque
1154 1890 1172 1919 ,
1217 1841 1352 1926 jure
1385 1839 1636 1925 quidem
1662 1839 1972 1918 Romam,
2002 1840 2193 1904 civem
2216 1839 2371 1903 alius
2395 1842 2652 1906 civitatis
2686 1843 2793 1908 ha-

542 1970 709 2050 beri,
768 1970 856 2034 ita
903 1975 975 2033 ut
1022 1989 1246 2033 menno
1299 1989 1434 2030 vera
1500 1972 1759 2030 testatus
1807 1967 1923 2043 sit3
1975 1970 2245 2030 attamen
2295 1967 2395 2050 jus
2442 1967 2792 2035 Romanum

541 2120 668 2162 non
716 2096 999 2183 prohibet
1045 2094 1375 2180 quominus
1416 2092 1660 2178 juribus
1706 2091 1968 2178 gaudeat
1994 2092 2334 2178 officiisque
2356 2093 2682 2160 obstrictus
2705 2096 2788 2161 sit

541 2225 680 2313 quis
729 2226 794 2289 in
841 2247 949 2290 sua
998 2225 1185 2310 ipsius
1234 2223 1418 2301 urbe3
1465 2223 1615 2286 haec
1662 2222 1937 2306 quaestio
1987 2220 2425 2287 decernebatur
2457 2223 2587 2309 ipso
2613 2223 2787 2289 illius

539 2353 710 2419 urbis
752 2352 908 2437 jure.
1006 2351 1145 2416 Hoc
1191 2372 1434 2436 quoque
1481 2368 1707 2414 clolano
1756 2348 1963 2412 testari
2012 2348 2258 2413 videtur
2296 2371 2438 2415 cum
2484 2351 2783 2417 Romanis

538 2479 803 2565 reliquos
852 2500 1160 2565 opponens
1175 2527 1194 2558 ,
1246 2476 1466 2540 addat:
1520 2475 1795 2554 „Ceteris
1842 2497 2191 2541 concessum
2239 2477 2371 2541 est”
2412 2477 2490 2563 2).

725 2605 864 2671 Jam
914 2605 1123 2669 monui
1173 2601 1587 2688 compluribus
1632 2603 1785 2667 locis
1834 2602 2075 2669 eosdem
2123 2605 2460 2691 municipes
2509 2611 2571 2671 et
2618 2607 2779 2673 cives

536 2735 842 2799 Romanos
891 2732 1044 2810 dici3
1096 2752 1292 2815 neque
1342 2730 1458 2795 hoc
1505 2736 1813 2796 auctorem
1860 2730 2037 2818 fugit.
2136 2733 2334 2797 Addit
2380 2734 2544 2798 enim
2577 2734 2777 2801 verbis

457 2874 472 2889 ·
535 2860 832 2925 laudatis:
903 2858 1091 2937 „Wie
1163 2858 1398 2922 kommt
1469 2880 1533 2922 es
1582 2857 1745 2922 dann
1794 2857 1937 2922 aber
1986 2858 2135 2922 wird
2184 2881 2327 2924 man
2380 2860 2591 2945 fragen
2640 2860 2781 2927 dass

535 3010 604 3053 so
677 2986 830 3051 viele
900 2985 1123 3051 welche
1193 2986 1256 3050 in
1330 2985 1486 3050 Rom
1560 2985 1694 3049 sich
1759 2986 1825 3048 in
1898 2984 2037 3049 dem
2084 2984 2323 3051 Bezitze
2371 2986 2474 3052 des
2522 2988 2779 3053 vollsten

531 3114 968 3199 Biirgerreclits
1017 3113 1125 3177 der
1173 3113 1470 3177 hochsten
1521 3112 1919 3177 Ehreniimter
1966 3111 2266 3178 befanden
2313 3114 2471 3179 doch
2518 3117 2777 3181 munici-

531 3261 638 3325 pes
687 3238 972 3303 hiessen?
1019 3237 1372 3323 Respondet
1419 3237 1564 3303 huie
1612 3238 1940 3323 objectioni
1989 3240 2132 3303 satis
2177 3242 2349 3325 gravi
2392 3248 2463 3307 ut
2496 3244 2773 3308 videtur:

530 3364 754 3430 Nichts
788 3365 907 3428 kan
939 3363 1244 3428 einfacher
1277 3363 1405 3426 sein
1417 3388 1437 3441 3
1473 3364 1558 3427 sie
1591 3385 1784 3428 waren
1811 3364 1982 3428 nicht
2006 3367 2343 3451 municipes
2366 3367 2432 3432 in
2456 3368 2613 3433 Rom
2640 3392 2781 3433 son-

531 3492 679 3556 dern
711 3491 776 3555 in
802 3491 1020 3577 irgend
1045 3491 1212 3554 einer
1237 3490 1461 3554 andern
1491 3490 1729 3555 stadt.'’
1776 3491 1931 3556 Sane
1958 3493 2107 3557 haec
2132 3493 2456 3579 explicatio
2484 3503 2658 3560 acute
2684 3502 2778 3561 est

529 3618 869 3705 excogitata
878 3644 896 3696 3
923 3624 1158 3704 pugnat
1184 3624 1388 3682 tamen
1413 3640 1555 3682 cum
1580 3640 1697 3682 usu
1724 3618 1965 3683 dicendi
1986 3618 2238 3703 vulgari,
2267 3643 2409 3686 nam
2428 3620 2780 3707 ubicunque

529 3768 646 3811 vox
712 3744 1110 3833 „municeps”
1159 3744 1391 3831 legitur
1430 3747 1646 3831 juncto
1697 3747 1993 3832 adjectivo
2044 3770 2080 3810 a
2111 3748 2355 3813 nomine
2387 3750 2634 3836 proprio
2677 3750 2779 3815 de-

527 3878 771 3958 sumpto
821 3873 899 3957 (v.
931 3897 992 3958 g.
1028 3872 1342 3958 municeps
1377 3871 1720 3937 Gaditanus
1748 3872 1873 3936 sive
1899 3872 2327 3958 Malaeitanus)
2348 3922 2368 3951 ‚
2396 3875 2776 3960 significatur

527 3999 678 4064 civis
705 3999 1006 4063 eiusmodi
1033 3999 1226 4077 urbis„
1252 4021 1451 4084 neque
1476 4000 1529 4063 is
1552 4000 1659 4084 qui
1678 4000 1817 4085 jura
1842 4000 2139 4086 quaedam
2165 4000 2347 4067 habet
2372 4002 2435 4067 in
2462 4002 2611 4067 urbe
2635 4002 2745 4067 illa
2755 4029 2775 4083 3

660 4350 696 4411 ¹)
767 4351 874 4400 vid.
911 4367 958 4403 v,
989 4368 1038 4417 g.
1077 4351 1403 4401 definitionem
1457 4353 1586 4402 vocis
1642 4354 1952 4419 „municeps”
1988 4369 2129 4419 quam
2164 4354 2295 4405 dedit
2329 4368 2595 4406 sunwmus
2631 4358 2764 4424 apud

520 4449 716 4487 rssruu
754 4438 800 4485 in
838 4436 921 4485 illa
957 4452 1072 4486 voce
1109 4437 1184 4486 ed.
1219 4441 1442 4497 Miinnsn,
1487 4455 1535 4503 p.
1576 4439 1693 4491 142.

661 4521 707 4585 ²)
779 4520 853 4570 cf.
892 4537 937 4571 v.
975 4534 1226 4581 sumar,
1264 4523 1483 4587 Syscem„
1519 4522 1639 4572 Tom
1676 4526 1721 4574 8.
1758 4540 1805 4588 p.
1844 4525 1908 4574 49
1944 4528 2030 4574 not
2063 4528 2098 4574 t.

2974 3698 2977 3832 1
