3027 5263
1339 550 1469 612 213

466 743 577 808 Vir
634 767 798 809 cons·
866 763 1105 821 ASHER,
1146 743 1186 827 ¹)
1254 741 1508 806 miratur
1558 743 1624 806 in
1679 742 1809 828 lege
1859 742 2227 828 Salpensana
2277 749 2520 810 cautum

270 895 402 936 esse
430 872 503 936 de
530 873 725 956 operis
752 871 1047 935 libertatis
1074 893 1249 934 causa
1275 869 1573 955 impositis
1610 877 1668 934 et
1696 869 1901 935 addit:
1938 871 2162 948 „Nous
2189 869 2514 956 possedons

273 998 661 1084 aujourd’hui
696 999 1009 1084 beaucoup
1045 999 1119 1062 de
1153 997 1666 1082 renseignements
1700 1019 1803 1061 sur
1835 997 1918 1061 les
1945 998 2522 1063 affranehissements

266 1127 628 1214 incomplets
678 1135 738 1192 et
785 1126 954 1190 nulle
1002 1131 1137 1211 part
1186 1147 1262 1189 on
1314 1148 1391 1188 ne
1440 1130 1756 1188 rencontre
1806 1125 1880 1188 de
1915 1134 2072 1189 traee
2107 1126 2180 1189 de
2215 1125 2512 1190 libertatis

270 1277 453 1318 causa
499 1255 783 1340 imposita
830 1254 945 1318 dus
985 1276 1091 1337 par
1138 1252 1225 1316 les
1262 1251 1584 1316 affranehis
1626 1251 1733 1336 qui
1768 1249 2054 1316 n'etaient
2090 1276 2196 1338 pas
2247 1253 2516 1338 eitoyens

270 1381 588 1446 romainS.”
620 1381 697 1446 In
724 1380 983 1446 eundem
1009 1401 1265 1443 errorem
1296 1378 1512 1442 incidit
1540 1385 1746 1441 auctor
1774 1379 1890 1442 hoe
1915 1378 2046 1442 loco
2073 1401 2254 1464 quem
2279 1381 2516 1465 suprass)

270 1508 515 1585 notavi3
566 1513 739 1592 put-at
788 1507 949 1570 enim
1001 1527 1337 1570 sermonem
1390 1527 1513 1568 esse
1577 1505 1641 1568 in
1689 1504 1820 1590 lege
1869 1504 2236 1590 Salpensana
2286 1506 2358 1571 de
2393 1531 2514 1571 ma-

268 1636 649 1699 numissione
700 1635 899 1698 minus
948 1632 1227 1696 sollemni
1276 1655 1307 1695 a
1358 1632 1485 1695 cive
1535 1632 1810 1696 Romano
1844 1632 2033 1709 faeta3
2085 1655 2330 1718 prorsus
2357 1633 2514 1698 clau·

269 1763 471 1828 dicare
537 1763 691 1826 hane
754 1761 1097 1846 opinionem
1150 1759 1327 1840 satis,
1381 1759 1629 1844 opinor,
1685 1781 1867 1844 supra
1910 1759 2035 1843 jam
2086 1760 2508 1826 demonstravi.

460 1892 673 1974 Itaque
723 1889 795 1953 de
837 1890 969 1974 jure
1004 1895 1129 1952 tam
1162 1887 1725 1952 manumittentium
1762 1910 1943 1971 quam
1978 1887 2331 1952 libertorum
2367 1891 2512 1952 satis

270 2018 645 2102 disputatum
720 2015 987 2094 videtur,
1068 2015 1270 2099 itaque
1320 2013 1397 2078 ad
1446 2014 1627 2077 aliam
1689 2037 1870 2099 quam
1930 2037 2109 2100 supra
2170 2016 2377 2079 notavi
2426 2015 2520 2080 di·

270 2145 571 2210 visionem
620 2165 1003 2230 personarum
1054 2143 1311 2206 transire
1358 2140 1559 2204 liceat.

562 2529 600 2604 ᾗ
639 2527 697 2588 2.
780 2526 867 2586 De
906 2523 983 2585 iis
1024 2522 1133 2602 qui
1171 2527 1315 2584 sunt
1354 2523 1451 2584 sui
1482 2523 1644 2602 juris
1683 2525 1784 2586 vel
1824 2523 2013 2585 alieni
2043 2524 2220 2605 juris,

458 2787 785 2852 Distinetio
833 2784 937 2849 illa
987 2806 1409 2870 personarum,
1467 2807 1622 2868 quae
1665 2785 1800 2869 jure
1850 2784 2122 2851 Romano
2173 2787 2465 2875 obtinet.³)
2495 2840 2511 2867 ,

260 2917 315 2979 si
368 2916 443 2979 ad
494 2922 915 3001 argumentum
964 2912 1115 2998 legis
1162 2912 1562 2997 Salpensanae
1613 2920 1951 2999 spectemus
1986 2917 2230 2979 maximi
2267 2938 2509 3002 quoque

258 3049 355 3108 est
405 3044 693 3107 momenti
709 3068 729 3119 ;
781 3041 1005 3105 etenim
1056 3041 1203 3104 haec
1252 3040 1349 3103 lex
1382 3040 1654 3125 exempla
1696 3040 1937 3105 exhibet
1971 3043 2269 3107 variorum
2306 3044 2511 3107 modo-

261 3194 402 3235 rum
454 3170 673 3255 quibus
723 3171 857 3253 quis
906 3169 1000 3231 sui
1042 3168 1196 3252 juris
1247 3167 1339 3231 vol
1390 3168 1573 3231 alieni
1601 3168 1756 3252 juris
1799 3190 1924 3233 esse
1960 3170 2169 3255 possit.

458 3298 786 3361 Videamus
850 3303 1053 3361 autem
1103 3316 1252 3359 GAIO
1312 3302 1582 3371 auctore,
1643 3297 1838 3381 primo
1889 3297 1962 3361 de
2013 3298 2108 3363 his
2156 3300 2262 3384 qui
2312 3300 2506 3363 alieno

256 3427 383 3513 juri
434 3425 693 3510 subjecti
742 3430 919 3500 sunt,
968 3446 1110 3487 nam
1159 3424 1207 3486 si
1260 3424 1750 3507 cognoverimUS,
1816 3449 1968 3510 quae
2016 3426 2167 3490 istae
2216 3437 2506 3512 personae

258 3554 424 3629 sint,
507 3552 687 3616 simul
752 3550 1193 3635 intelligemuS,
1244 3549 1415 3639 {quae
1464 3552 1558 3615 sui
1601 3552 1758 3634 juris
1811 3552 1952 3615 sint.
2051 3553 2187 3617 Jam
2237 3554 2506 3618 animad-

258 3682 419 3746 verti
468 3702 589 3744 non
640 3702 847 3743 omnes
898 3680 1095 3743 eadem.
1144 3680 1375 3743 ratione
1422 3680 1620 3744 alieno
1663 3680 1790 3763 juri
1839 3680 2139 3765 subjectos
2187 3681 2367 3746 fuisse
2417 3705 2503 3747 se-

257 3809 531 3875 eundum
575 3807 770 3893 legem
834 3808 1302 3892 Salpensanam3
1354 3808 1448 3872 uti
1512 3808 1710 3885 enim,
1755 3808 1892 3892 jure
1939 3808 2249 3886 Romano,
2301 3832 2374 3873 ex
2423 3810 2499 3873 iis

255 3936 531 4024 personis
581 3958 735 4021 quae
783 3934 967 4000 alieni
1010 3935 1164 4019 juris
1214 3941 1390 4016 sunt,
1442 3935 1593 4001 aliae
1641 3935 1704 3999 in
1762 3942 2063 4022 potestate
2113 3944 2291 4015 sunt,
2346 3936 2498 4000 aliae

404 4212 440 4275 1)
512 4210 574 4259 In
613 4212 861 4261 Comment.
897 4210 1029 4259 laud.
1067 4226 1117 4276 p.
1146 4210 1314 4261 120.2.

401 4296 440 4358 2)
514 4295 632 4345 Vide
672 4296 799 4346 Diss.
834 4312 884 4360 p.
922 4296 1016 4345 201
1057 4299 1161 4348 not.
1202 4298 1248 4345 1.

400 4382 441 4445 ³)
512 4382 630 4431 Vide
684 4396 872 4441 onum,
930 4382 1051 4433 [ηπ.
1098 4380 1204 4431 Lib.
1244 4382 1291 4430 1.
1328 4382 1350 4441 §
1385 4382 1467 4431 48.
1504 4385 1553 4429 et
1590 4380 1679 4445 leg.
1719 4382 1742 4429 1
1784 4396 1856 4446 pr.
1893 4382 1955 4431 D.
1990 4382 2048 4431 de
2082 4384 2154 4431 his
2187 4382 2268 4449 qui
2301 4386 2374 4434 sm·
2411 4388 2501 4437 oet.

255 4471 401 4535 (1.6.)
438 4467 548 4519 add.
582 4470 700 4519 Inat.
737 4468 859 4517 Just.
896 4467 1003 4518 Lib.
1044 4467 1089 4517 1.
1124 4466 1221 4516 Tit.
1257 4469 1285 4517 8
1324 4482 1397 4531 pr.
