3027 5263
1297 657 1374 717 15

207 846 441 932 optime
513 847 836 912 convenire
910 846 1225 933 apparebit
1299 870 1436 912 cum
1487 848 1562 914 iis
1610 873 1765 936 quae
1815 852 1889 916 de
1938 823 2295 918 condicione
2344 856 2466 940 pri-

206 973 404 1036 maria
449 973 782 1060 municipis
830 975 1152 1040 memoriae
1199 975 1423 1040 tradita
1470 984 1633 1042 sunt.

399 1099 498 1162 Ne
573 1100 751 1165 variis
821 1100 1366 1186 significationibus
1437 1109 1643 1168 tamen
1718 1103 1946 1189 quibus
1998 1105 2294 1192 accipitur
2344 1130 2459 1173 vox

207 1226 613 1313 „municeps”
662 1228 726 1292 in
776 1251 1034 1294 errorem
1085 1228 1490 1309 inducamur,
1546 1232 2059 1298 animadvertatur
2108 1256 2343 1300 necesse
2372 1241 2466 1300 est

207 1376 340 1420 non
415 1377 654 1441 semper
724 1356 834 1421 ubi
884 1357 958 1420 de
1005 1358 1344 1443 municipio
1395 1358 1490 1423 vel
1541 1359 1847 1446 municipe
1904 1383 2101 1426 sermo
2162 1361 2273 1438 sit,
2334 1384 2465 1447 per·

205 1503 395 1546 sonae
467 1483 561 1546 vel
634 1483 894 1547 civitatis
964 1483 1148 1548 Urbis
1211 1485 1440 1550 Romae
1497 1486 1732 1550 ratione
1781 1486 1992 1551 habita
2041 1488 2463 1553 condicionem

204 1610 471 1674 indicari
511 1611 588 1695 1);
661 1633 868 1676 verum
926 1608 1108 1675 etiam
1181 1611 1363 1676 verbo
1412 1613 1820 1700 „municeps”
1879 1616 2229 1700 saepissime
2280 1616 2467 1702 signi-

203 1739 382 1803 ficari
424 1739 560 1823 jura
601 1737 858 1803 alicuius
905 1740 1140 1804 ratione
1189 1739 1396 1804 habita
1447 1740 1615 1805 urbis
1665 1741 1826 1806 unde
1876 1749 2042 1807 ortus
2090 1744 2204 1823 sit,
2258 1745 2343 1809 ita
2393 1751 2470 1808 ut

207 1888 332 1930 vox
380 1864 778 1950 „municeps”
825 1866 999 1950 quasi
1049 1888 1158 1951 pro
1208 1867 1337 1931 cive
1379 1867 1698 1954 municipii
1738 1868 2088 1954 accipienda
2136 1871 2216 1934 sit
2247 1871 2317 1957 2).

403 1991 470 2056 Si
519 1992 594 2056 de
653 1993 886 2078 origine
959 1993 1433 2079 municipiorum
1483 2000 1833 2080 quaeratur,
1886 1995 2321 2061 attendendum
2371 2004 2470 2062 est

210 2118 296 2184 ad
345 2120 538 2184 varios
587 2120 800 2184 modos
861 2119 1080 2204 quibus
1127 2121 1321 2186 Roma
1369 2121 1486 2186 sibi
1537 2121 1877 2187 devinxerit
1924 2122 2186 2207 populos
2234 2124 2467 2188 amicos

209 2247 311 2313 vel
382 2247 543 2312 bello
613 2247 953 2332 subjectos3
1030 2269 1221 2314 unum
1294 2249 1454 2312 enim
1529 2271 1601 2313 ex
1674 2248 1838 2313 hisce
1886 2248 2266 2334 largitionem
2310 2251 2473 2335 juris

212 2375 541 2461 municipii
588 2375 768 2439 fuisse
818 2373 1148 2461 apparebit.

389 2503 667 2568 *Romani
737 2503 861 2568 fere
907 2526 1224 2589 nunquam
1271 2502 1544 2568 solebant
1618 2503 1878 2589 populos
1929 2505 2193 2570 devictos
2242 2507 2472 2572 exstin-

213 2654 405 2719 guere
438 2634 561 2698 sive
593 2634 658 2697 in
693 2634 1046 2698 servitutem
1087 2631 1384 2697 abducere
1419 2631 1525 2697 sed
1558 2634 1799 2717 potiuS‚
1836 2633 2134 2720 imprimis
2167 2634 2463 2719 quamdiu

211 2760 361 2825 urbs
431 2759 706 2825 nondum
777 2761 921 2824 satis
991 2762 1166 2825 firma
1239 2765 1534 2844 potestate
1606 2761 1930 2840 utebatur,
2004 2762 2070 2826 id
2116 2761 2236 2826 sibi
2286 2784 2473 2827 curae

213 2888 524 2953 habebant
572 2894 643 2951 ut
691 2889 897 2953 hostes
947 2889 1011 2952 in
1062 2888 1370 2951 civitatem
1420 2887 1773 2972 reciperent.
1857 2888 2031 2968 Quae
2080 2889 2465 2954 consuetudo

213 3039 252 3079 a
301 3015 566 3080 Romulo
614 3016 870 3099 repetita
919 3039 952 3079 a
1003 3034 1306 3080 cronnomi:
1354 3013 1822 3077 fundamentum
1871 3014 2115 3099 imperii
2164 3016 2471 3100 praedica-

209 3150 321 3208 tur
378 3144 452 3228 ³).
549 3144 695 3209 Non
751 3152 952 3209 tamen
1003 3166 1212 3207 omnes
1262 3143 1464 3207 hostes
1513 3124 1757 3207 civitate
1807 3141 1985 3227 plena
2035 3142 2471 3209 donabantur:

215 3272 463 3356 saepius
535 3272 733 3335 evenit
804 3277 874 3334 ut
937 3271 1148 3336 civitas
1214 3271 1342 3335 sine
1394 3270 1681 3357 suffragio
1729 3270 2045 3335 nonnullis
2095 3270 2428 3337 deferretur
2442 3298 2468 3351 3

212 3398 558 3485 complures
630 3400 810 3464 etiam
881 3399 1096 3485 populi
1161 3401 1298 3485 jure
1367 3398 1625 3463 foederis
1697 3422 1835 3463 cum
1912 3398 2200 3463 Romanis
2266 3401 2469 3485 juncti

212 3534 428 3605 erant3
478 3550 602 3591 non
651 3533 851 3591 tamen
903 3527 1008 3591 illa
1054 3526 1296 3592 foedera
1329 3526 1599 3612 ejusdem
1652 3532 1905 3590 naturae
1954 3532 2165 3602 erant,
2200 3550 2467 3611 quorum-

363 3706 400 3765 ¹)
469 3704 527 3751 Iu
565 3704 658 3753 hoc
694 3704 846 3769 capite
881 3706 1066 3753 tantum
1105 3704 1161 3752 de
1197 3703 1440 3766 municipe
1475 3702 1568 3749 hoc
1604 3716 1743 3749 sensu
1779 3702 1974 3765 accepto
2012 3699 2286 3763 disputabo.

357 3788 398 3850 2)
469 3788 542 3837 Cf.
579 3788 790 3838 tabulam
827 3788 1189 3837 Heracleensem
1225 3788 1343 3851 Cap.
1383 3787 1471 3844 12,
1511 3786 1639 3849 apud
1674 3798 1819 3835 ΖΕΗ..
1842 3786 2068 3834 Delectus
2083 3786 2177 3833 etc.
2206 3800 2283 3833 no.
2316 3785 2469 3837 1682.

214 3874 293 3924 Cf.
333 3872 477 3921 verba
511 3886 723 3922 uarum
746 3872 796 3921 in
833 3872 938 3937 lege
974 3874 1000 3922 1
1023 3875 1044 3933 §
1067 3874 1091 3921 1
1130 3874 1198 3922 ad
1227 3889 1354 3921 mun.
1385 3871 1500 3921 laud
1526 3870 1849 3934 „municipem
1878 3870 2087 3919 dicemus
2113 3885 2224 3918 suae
2248 3868 2467 3935 cuiusqui

219 3957 440 4007 civitatis
475 3956 687 4015 civem;''
741 3957 850 4006 add.
887 3956 980 4007 lex.
1016 3956 1139 4007 Mal.
1173 3960 1222 4006 et
1257 3956 1390 4021 Salp.
1429 3956 1511 4005 ubi
1549 3955 1735 4021 saepius
1772 3954 1862 4004 hac
1898 3954 2244 4018 significatione
2281 3956 2468 4004 occurri

209 4057 314 4091 vox
351 4040 677 4105 ‚‚municeps.”

363 4126 402 4187 ³)
477 4127 566 4176 vid
614 4140 908 4177 cremonam
943 4128 992 4175 in
1031 4128 1166 4175 Orat.
1193 4143 1289 4189 pro
1324 4128 1476 4175 Balbo
1512 4126 1631 4191 Cap.
1671 4126 1732 4174 13
1769 4125 1851 4175 ubi
1888 4126 1981 4175 ait:
2020 4125 2181 4183 „Illud
2218 4141 2330 4175 vero
2366 4125 2471 4174 sinc

211 4212 322 4261 ulla
376 4211 672 4261 dubitatione
725 4214 930 4260 maxime
965 4215 1184 4261 nost-rum
1219 4212 1438 4260 fundavit
1473 4211 1726 4275 imperium
1762 4215 1811 4260 et
1845 4211 2012 4276 populi
2048 4211 2253 4259 Romani
2294 4226 2469 4259 nomen

211 4297 355 4346 auxit
408 4296 536 4359 quod
586 4296 810 4361 princeps
863 4296 944 4345 ille
999 4301 1186 4345 creator
1221 4295 1363 4360 hujus
1399 4295 1554 4354 urbis,
1598 4296 1829 4345 Romulus
1866 4296 2054 4345 foedere
2090 4296 2264 4344 Sabino
2304 4294 2471 4343 docuit

215 4382 368 4431 etiam
405 4381 621 4431 hostibus
657 4382 941 4446 recipiendis
979 4383 1139 4445 augeri
1177 4383 1301 4430 hanc
1335 4382 1576 4431 civitatem
1624 4386 1875 4447 oportere,
1932 4381 2063 4445 cujus
2100 4381 2384 4430 auctoritate
2420 4382 2468 4429 et

210 4466 441 4531 exemplo
493 4483 740 4531 nunquam
792 4470 864 4515 est
910 4468 1181 4517 intermissa
1216 4484 1243 4516 a
1277 4467 1539 4530 majoribus
1574 4468 1749 4518 nostris
1784 4467 1976 4530 largitio
2013 4470 2061 4515 et
2097 4466 2474 4516 communicatio·

213 4552 481 4603 civitatis?
518 4552 568 4601 cf
599 4552 740 4603 etiam
776 4566 962 4602 mvnm
996 4552 1102 4603 Lib.
1139 4553 1202 4601 36
1240 4551 1356 4617 Cap.
1398 4552 1477 4603 24.
