3027 5263
1532 584 1659 646 116

465 784 582 849 tari
623 784 698 868 ¹),
749 781 836 845 ita
883 784 954 842 ut
1001 776 1238 843 evenire
1286 781 1492 863 posset
1540 776 1781 861 saepius
1832 774 2073 840 easdem
2124 776 2322 840 curias
2353 776 2511 840 nihil
2542 778 2731 862 quid·

468 933 648 997 quam
700 906 962 972 valuisse
1009 906 1073 970 in
1123 904 1589 989 magistratuum
1631 904 1951 968 creatione.
2002 903 2307 988 Iniquitas
2339 903 2448 968 illa
2480 904 2731 971 sublata

472 1044 600 1104 erat
648 1058 835 1122 quum
877 1039 1036 1099 sorte
1085 1038 1449 1097 statueretur
1475 1032 1622 1095 ordo
1649 1030 2138 1095 renuntiationiS.
2192 1031 2378 1096 Recte
2410 1052 2733 1097 MOMMSEN

466 1166 542 1231 de
591 1166 705 1229 hac
755 1186 936 1228 causa
1001 1162 1316 1246 disputans
1366 1160 1518 1225 dicit
1558 1160 1645 1243 ²):
1744 1159 2145 1238 „Renuntiirt
2194 1159 2352 1223 ward
2401 1182 2520 1225 wer
2569 1161 2731 1226 iiber

466 1294 565 1359 die
611 1292 821 1358 Halfte
871 1290 976 1355 der
1026 1289 1536 1353 Gurienstimmen
1587 1288 1880 1372 vereinigt
1930 1288 2127 1363 hatte,
2190 1289 2317 1351 und
2369 1288 2467 1353 die
2515 1289 2725 1354 ferner

467 1422 578 1486 auf
619 1422 727 1485 ihn
785 1418 1092 1483 fallenden
1147 1417 1444 1480 Stimmen
1499 1415 1739 1503 blieben
1789 1415 2025 1479 formell
2076 1415 2461 1481 unbeachtet.
2516 1416 2729 1481 Somit

465 1547 698 1613 konnte
763 1546 919 1610 auch
981 1544 1120 1609 sehr
1180 1544 1368 1608 leicht
1434 1543 1539 1606 der
1610 1542 1745 1605 Fall
1818 1543 2115 1607 eintreten
2166 1542 2305 1606 dasz
2357 1543 2457 1607 die
2504 1543 2718 1607 Tafeln

469 1676 577 1740 der
644 1675 867 1738 letzten
915 1671 1141 1735 Curien
1191 1693 1301 1756 gar
1363 1670 1533 1734 nicht
1581 1691 1688 1733 zur
1736 1670 2080 1756 Verlesung
2128 1670 2345 1735 kamen
2365 1696 2384 1749 ;
2434 1671 2723 1736 desshalb

469 1803 628 1867 ward
679 1823 783 1865 um
833 1799 932 1863 die
980 1797 1378 1882 Reihenfolge
1427 1796 1719 1883 geloost.”

657 1928 886 1991 Romae
973 1947 1216 2010 quoque
1288 1924 1525 1988 sortitio
1600 1926 1667 1990 in
1733 1925 1845 1989 hac
1910 1948 2093 1990 causa
2152 1924 2355 1990 locum
2420 1926 2607 1991 habet
2654 1928 2725 1991 in

475 2054 736 2119 comitiis
797 2052 1044 2116 tributis
1078 2052 1125 2136 ³)
1147 2076 1164 2129 3
1236 2051 1301 2116 in
1375 2053 1730 2116 centuriatis
1802 2052 2070 2116 comitiis
2116 2075 2256 2116 vero
2307 2052 2453 2118 ordo
2502 2076 2731 2119 renun-

469 2181 744 2246 tiationis
818 2179 1118 2265 dignitate
1200 2179 1607 2243 centuriarum
1678 2178 2061 2243 statuebatur
2096 2179 2169 2263 4).
2272 2179 2454 2244 Ratio
2518 2187 2729 2246 tamen

472 2330 714 2393 prorsus
762 2305 969 2371 eadem
1017 2328 1144 2369 non
1193 2310 1320 2370 erat
1335 2331 1354 2383 3
1409 2306 1472 2369 in
1524 2304 1786 2370 comitiis
1833 2306 2078 2369 tributis
2112 2306 2313 2383 enim,
2348 2306 2492 2371 licet
2526 2308 2726 2391 major

474 2456 715 2519 quoque
764 2456 900 2519 pars
946 2432 1220 2497 tribuum
1267 2432 1566 2496 sufficeret
1613 2439 1683 2496 ut
1731 2434 1868 2517 quis
1917 2432 2065 2519 eligi
2112 2440 2354 2519 posset,
2406 2456 2727 2520 nunquam

470 2535 724 2626 ultimae
775 2559 972 2623 curiae
1019 2557 1485 2644 negligebantur
1511 2558 1583 2644 ⁵).

667 2687 823 2753 Cum
874 2687 1022 2751 ordo
1070 2686 1537 2750 renuntiationis
1585 2693 1743 2751 sorte
1794 2693 2060 2752 statutus
2110 2694 2303 2767 esset,
2337 2690 2731 2775 magistratus

473 2817 582 2902 qui
655 2813 900 2880 comitia
973 2811 1272 2891 habebat,
1345 2813 1647 2899 suffragiis
1721 2836 1874 2899 quae
1946 2813 2173 2880 habent
2224 2816 2455 2902 singuli
2522 2817 2728 2882 candi·

470 2942 599 3008 dati
671 2943 734 3006 in
807 2938 1035 3006 tabulis
1098 2941 1349 3017 notatiS,
1425 2939 1738 3005 renuntiat
1786 2963 1965 3026 quem
2014 2941 2287 3028 singulae
2343 2944 2546 3008 curiae
2602 2968 2729 3009 ma-

473 3071 800 3156 gistratum
870 3067 1142 3132 fecerint.
1271 3066 1336 3130 Si
1406 3067 1610 3152 plures
1684 3073 1827 3132 sunt
1908 3068 2195 3154 suffragia
2270 3071 2583 3135 consecuti
2656 3071 2724 3134 in

468 3196 724 3282 singulis
789 3195 972 3259 curiis
995 3242 1014 3271 ,
1079 3194 1179 3258 lex
1243 3194 1460 3259 statuit
1524 3195 1629 3278 qui
1678 3195 2015 3259 renuntiari
2066 3218 2176 3282 pro
2226 3197 2393 3261 curia
2428 3175 2723 3262 'debeant-

472 3319 821 3386 Secundum
893 3319 1095 3404 Caput
1172 3323 1254 3383 56
1327 3320 1478 3406 legis
1547 3320 1949 3386 Malacitanae
1999 3323 2108 3407 qui
2156 3322 2333 3408 plura
2381 3345 2569 3407 quam
2616 3323 2724 3388 alii

473 3448 756 3536 suffragia
805 3445 1033 3512 habent
1081 3447 1148 3512 in
1199 3447 1402 3533 aliqua
1460 3449 1664 3526 curia,
1718 3449 1904 3514 creati
1954 3450 2287 3515 renuntiari
2342 3450 2565 3516 debent
2614 3474 2723 3538 pro

621 3813 656 3872 ¹)
729 3812 850 3861 Vide
887 3812 1017 3861 Dias.
1056 3828 1102 3877 p.
1143 3811 1259 3862 120.

618 3896 657 3957 ²)
727 3897 786 3944 In
825 3897 1009 3960 Operez
1044 3897 1340 3946 Stadtrechte
1375 3912 1421 3960 p.
1459 3894 1558 3946 427
1602 3899 1699 3945 not.
1742 3898 1855 3946 108.

616 3979 655 4042 ³)
726 3979 845 4029 Vide
881 3993 1097 4030 vernon.
1137 3982 1196 4030 de
1232 3981 1304 4029 Re
1337 3981 1475 4030 Rust.
1513 3981 1617 4038 ΙΙΙ,
1662 3979 1791 4031 17.1.
1829 3981 1890 4029 cf.
1926 3981 1984 4029 ad
2008 3979 2135 4029 hunc
2159 3979 2318 4030 locum
2354 3993 2567 4030 wamza
2592 3983 2727 4034 Βὸιε.

473 4065 799 4128 Rechtsqesoh.
834 4063 883 4122 1,
923 4080 974 4128 p.
1012 4065 1109 4113 134
1146 4070 1246 4115 not.
1290 4064 1406 4113 126.

613 4148 653 4208 4)
724 4148 890 4197 Primo
925 4148 1052 4197 enim
1086 4149 1425 4198 renuntiantur
1460 4149 1543 4212 qui
1579 4165 1606 4197 a
1642 4149 1861 4197 centuria
1895 4149 2225 4213 praerogativa
2260 4148 2410 4198 creati
2444 4152 2586 4207 sunt3
2624 4151 2729 4201 t‘um

474 4248 594 4297 quos
630 4237 814 4282 ceterae
849 4233 1092 4282 centuriae
1127 4237 1411 4282 creaverunt
1432 4232 1694 4282 secundum
1723 4237 1905 4282 certum
1930 4234 2172 4292 ordinem3
2202 4233 2312 4282 vide
2342 4245 2575 4282 cremori.
2605 4234 2729 4283 Phil.

473 4320 530 4377 2,
569 4318 651 4366 33.
689 4317 748 4366 cf.
785 4330 887 4366 uv.
928 4317 1032 4368 Lib.
1070 4316 1133 4366 27
1172 4319 1287 4382 Cap.
1327 4318 1356 4366 6
1393 4321 1443 4365 et
1475 4317 1585 4366 Lib.
1626 4318 1689 4366 10
1727 4318 1841 4382 Cap.
1883 4318 1964 4367 22.

607 4401 656 4465 ⁵)
729 4399 846 4450 Vide
882 4414 1093 4460 mmm,
1133 4383 1238 4450 Lib.
1279 4402 1307 4449 8
1332 4402 1450 4465 Cap.
1477 4402 1541 4453 37
1581 4400 1683 4451 Lib.
1722 4402 1785 4450 29
1824 4402 1941 4466 Cap.
1982 4403 2059 4452 13.
2099 4402 2203 4452 Lib.
2243 4402 2307 4452 30
2344 4403 2460 4467 Cap.
2498 4402 2579 4453 40.
2622 4403 2730 4454 Lib.

476 4486 557 4536 38.
595 4486 709 4550 Cap.
753 4487 831 4534 54.
