3027 5263
1592 547 1712 593 ἯΠ

516 744 654 786 usas
717 744 860 788 esse.
957 724 1130 790 Num
1193 723 1436 791 civitate
1498 725 1773 789 Romana
1838 723 2041 810 gavisa
2108 723 2235 788 nint
2295 723 2443 792 haec
2490 723 2734 790 munici-

510 849 654 937 pia?
703 875 766 940 p.
820 855 1119 919 28-40.

1411 1107 1655 1203 PARS
1706 1107 1845 1204 ΠΙ.

657 1375 760 1433 DE
803 1375 990 1434 IURE
1033 1373 1372 1434 PUBLICO
1405 1340 2007 1433 MUMOIPIOdUM'
2044 1373 2472 1433 SALPENSAE
2514 1375 2609 1432 ET

1443 1502 1826 1562 MALAOAE.

1443 1756 1725 1824 CAPUT
1770 1757 1825 1824 I.

1350 1943 1464 1993 DE
1524 1942 1922 1995 Poruloex

708 2142 802 2208 De
849 2141 1120 2228 partibus
1152 2164 1226 2208 ex
1251 2141 1476 2229 quibus
1513 2143 1775 2230 populus
1824 2147 2081 2208 constat.
2133 2142 2410 2229 Populus
2458 2143 2589 2208 iure
2636 2142 2755 2208 suf-

515 2270 694 2357 fragii
741 2271 808 2336 in
858 2271 1121 2336 comitiis
1185 2271 1400 2336 utitur.
1471 2271 1820 2357 Municipes
1870 2271 1937 2335 in
1987 2270 2187 2336 curias
2234 2271 2548 2336 distributi
2594 2279 2755 2338 sunt.

511 2397 759 2486 Incolae
805 2421 934 2463 non
981 2398 1127 2464 item
1142 2425 1161 2478 3
1213 2399 1276 2462 in
1330 2422 1452 2464 una
1502 2399 1667 2464 curia
1718 2399 2075 2484 suffragium
2125 2398 2345 2463 ferunt.
2418 2399 2760 2485 Municipes

515 2526 745 2592 habent
792 2527 890 2590 ius
938 2527 1257 2592 honorum.
1354 2527 1531 2591 Num
1601 2526 1837 2592 incolae
1885 2548 2160 2612 quoque,
2196 2549 2317 2591 non
2352 2526 2565 2612 liquet.
2666 2527 2761 2592 De

518 2656 735 2721 effectu
799 2656 1184 2743 magistratus
1246 2656 1423 2743 gesti.
1522 2656 1616 2721 De
1682 2656 2061 2720 restitutione
2109 2654 2263 2741 legis
2312 2654 2474 2740 Salp.
2530 2680 2564 2719 a
2614 2656 2762 2720 viris

517 2785 591 2849 cl.
643 2805 983 2864 nonusnn,
1031 2806 1325 2851 nuscum
1374 2758 1436 2851 et
1481 2806 1685 2851 zm'r
1734 2790 2032 2871 suscepta.
2101 2785 2242 2849 Mea
2290 2785 2608 2849 sententia.
2660 2784 2764 2849 Ci-

519 2914 670 2977 vitas
715 2913 990 2979 Romana
1036 2936 1160 2979 non
1207 2920 1445 2980 tantum
1496 2915 1553 2980 ei
1602 2914 1711 3000 qui
1745 2914 2163 3000 magistratum
2196 2914 2451 3000 gesserit
2483 2914 2587 2978 sed
2622 2936 2767 2977 con-

521 3040 651 3127 iugi
700 3041 864 3120 eiua,
923 3041 1306 3127 parentibus,
1374 3041 1578 3107 liberis
1643 3064 1886 3127 quoque
1950 3040 2258 3106 tribuitur.
2361 3042 2453 3105 De
2505 3043 2773 3105 muneri-

520 3166 634 3232 bus
682 3191 716 3233 a
763 3168 1178 3253 municipibus
1227 3175 1289 3234 et
1336 3168 1550 3233 incolis
1599 3169 1919 3234 obeundis.
1970 3192 2035 3253 p.
2087 3169 2387 3232 40—61.

1435 3420 1712 3487 CAPUT
1759 3421 1845 3486 H.

1388 3635 1497 3685 DE
1552 3632 1904 3687 ORDINR

709 3814 804 3877 De
865 3812 1116 3877 nomine
1165 3832 1287 3896 quo
1351 3809 1642 3875 dicuntur
1687 3806 1736 3871 ii
1784 3806 1892 3892 qui
1942 3804 2178 3871 ordinis
2227 3809 2369 3869 sunt
2416 3802 2778 3891 participes..

523 3940 830 4009 Nonnulli
896 3938 1296 4026 prohibentur
1358 3936 1683 4023 quominus
1732 3934 2012 3999 intersint
2060 3932 2279 3997 ordini.
2379 3934 2473 3998 De
2521 3954 2787 3996 munere

525 4070 942 4137 decurionum.
989 4068 1162 4132 Num
1189 4088 1400 4131 omnes
1431 4064 1641 4130 eadem
1676 4062 1975 4149 dignitate
2007 4059 2327 4125 fruantur?
2386 4060 2477 4124 De
2512 4058 2789 4124 Ordinis

526 4206 848 4267 conventu.
949 4198 1041 4262 De
1089 4200 1387 4283 potestate
1435 4192 1719 4258 Ordinis:
1772 4190 2004 4256 ratione
2054 4189 2265 4255 habita
2299 4187 2752 4275 jurisdictionis
2776 4236 2797 4267 ,

528 4331 592 4395 in
643 4350 828 4395 causa
873 4326 1135 4393 aedificii
1183 4323 1511 4402 destructi,
1563 4321 1636 4386 ad
1688 4320 2006 4387 arbitrium
2064 4319 2451 4403 magistratus
2498 4324 2799 4384 coercen-

530 4459 716 4537 dum,
763 4457 831 4523 in
879 4456 1078 4523 causis
1125 4452 1615 4521 manumissionis
1666 4450 2011 4541 probandis,
2062 4472 2123 4538 p.
2178 4450 2473 4513 62-83.
