3027 5263
1253 599 1378 659 125

179 796 426 855 senatus
488 786 783 867 habendi,
851 809 1006 872 quae
1070 810 1266 875 neque
1327 790 1510 855 aedili
1562 814 1759 877 neque
1808 797 2113 878 quaestori
2163 797 2435 863 Malacae

185 924 249 983 et
301 918 628 1004 Salpensae
677 915 1074 1001 competebat.

375 1044 452 1109 In
502 1045 716 1130 Capite
765 1044 929 1109 enim
999 1047 1082 1108 68
1150 1045 1302 1131 legis
1368 1046 1771 1112 Malacitanae
1837 1050 1924 1115 ita
1984 1057 2234 1116 cautum
2300 1058 2430 1116 est:

182 1176 395 1255 „Cum
441 1174 529 1238 ita
575 1174 836 1237 rationes
869 1172 1232 1252 reddentur,
1261 1172 1424 1238 IIvir
1456 1174 1565 1258 qui
1598 1174 1955 1240 decuriones
1990 1179 2435 1265 conscriptosve

181 1300 508 1378 habebit‚'’
559 1300 722 1364 unde
768 1300 970 1363 IIviro
1021 1300 1132 1363 soli
1183 1300 1338 1365 hanc
1372 1306 1733 1385 potestatem
1758 1302 1888 1388 lege
1921 1304 2109 1369 tribui
2144 1313 2433 1392 apparet,

181 1453 332 1495 nam
403 1430 454 1492 si
525 1429 735 1493 ceteris
799 1450 1046 1513 quoque
1103 1428 1557 1513 magistratibus
1615 1432 1715 1515 jus
1774 1431 1992 1497 fuisset
2039 1439 2281 1497 senatus
2331 1435 2436 1498 ha·

185 1555 407 1633 bendi,
459 1555 669 1639 procul
718 1554 905 1619 dubio
954 1554 1102 1618 haec
1143 1555 1263 1619 fere
1321 1555 1501 1620 verba
1533 1556 1821 1621 fuissent:
1870 1559 2298 1639 „maqistratm
2329 1562 2435 1645 qui
2514 1641 2523 1651 δ

178 1682 434 1748 habebit
482 1681 614 1746 cet”
662 1682 758 1745 vel
806 1682 1188 1765 „quicumque
1211 1680 1462 1745 habebit
1493 1681 1657 1761 cet'’;
1709 1689 2024 1769 propterea
2056 1686 2135 1749 ad
2168 1686 2433 1752 IIvirum

181 1812 390 1877 solum
437 1809 614 1875 verba
661 1809 766 1873 illa
809 1808 1211 1894 jurisjurandi
1259 1810 1324 1873 in
1378 1810 1573 1895 leges:
1624 1833 1867 1897 „neque
1916 1832 1981 1877 se
2028 1813 2204 1877 aliter
2244 1815 2435 1879 consi-

181 1939 342 2003 lium
390 1936 743 2001 habiturum
793 1959 990 2020 neque
1059 1936 1237 2000 aliter
1300 1936 1587 2001 daturum
1644 1960 1827 2021 quam
1900 1944 1970 2001 ut
2019 1960 2093 2003 ex
2141 1940 2255 2004 hac
2303 1941 2435 2027 lege

187 2088 384 2151 exque
434 2088 498 2129 re
563 2064 874 2129 communi
938 2064 1318 2148 municipum
1382 2066 1510 2128 eius
1577 2066 1899 2151 municipii
1966 2074 2203 2132 censeat
2267 2068 2433 2134 fore’'

188 2200 463 2280 spectare
512 2216 690 2277 supra
731 2193 856 2277 jam
905 2193 1133 2256 monui.
1187 2192 1362 2256 Licet
1412 2193 1572 2256 enim
1623 2213 1891 2273 emam),
1927 2202 2171 2259 auctore
2218 2216 2436 2261 muclt-

181 2342 298 2386 snn
337 2322 420 2406 1),
473 2318 796 2383 contendat
845 2319 1064 2383 mirum
1115 2319 1362 2383 omnino
1412 2341 1535 2384 non
1586 2342 1712 2385 esse
1746 2320 2046 2386 aedilibus
2082 2322 2431 2388 facultatem

183 2450 322 2513 dari
371 2453 615 2512 senatus
666 2446 932 2511 habendi
969 2448 1018 2531 2)
1040 2495 1058 2524 ,
1109 2447 1256 2511 licet
1290 2470 1531 2532 quoque
1554 2448 1619 2511 in
1646 2447 1781 2512 aliis
1808 2450 2159 2533 municipiis
2182 2450 2430 2517 fortasse

183 2578 278 2643 ita
324 2576 539 2656 fuerit,
608 2576 676 2640 in
723 2575 942 2640 nostris
990 2574 1200 2640 saltem
1272 2576 1358 2640 ita
1405 2598 1531 2641 non
1578 2576 1733 2656 fuit,
1782 2599 1925 2642 nam
1972 2578 2023 2642 si
2071 2577 2227 2643 adsit
2272 2579 2437 2645 IIvir

175 2706 250 2769 in
299 2705 669 2790 municipio,
721 2705 849 2788 ipse
883 2710 1161 2769 senatum
1195 2704 1410 2784 habet,
1463 2708 1515 2768 si
1548 2727 1675 2769 non
1708 2705 1900 2783 adsit,
1951 2707 2294 2791 praefectus
2329 2708 2436 2792 qui

179 2833 398 2898 eodem
440 2833 574 2918 jure
624 2839 714 2896 est
760 2832 828 2895 in
873 2833 986 2895 hac
1036 2854 1213 2896 causa
1248 2853 1315 2896 ac
1347 2832 1480 2917 ipse
1518 2831 1698 2896 IIvir.
1794 2833 2136 2910 „Senatum
2170 2833 2431 2900 habere”

180 2961 340 3046 quid
387 2960 718 3045 significet,
769 2983 862 3023 res
910 2961 1041 3045 ipsa
1090 2959 1301 3024 docet:
1369 2932 1527 3022 nillil
1578 2958 1745 3023 aliud
1794 2965 1885 3023 est
1934 2981 2117 3044 quam
2165 2963 2435 3046 „praesi-

177 3088 328 3152 dere
394 3081 673 3151 senat'ui”
690 3112 710 3164 3
779 3086 925 3171 quid
992 3091 1193 3150 autem
1264 3086 1344 3149 sit
1393 3091 1717 3164 „senatum
1782 3085 1961 3150 dare’'
2010 3088 2185 3151 variis
2235 3089 2431 3152 modis

180 3214 483 3301 explicari
529 3219 753 3300 potest.
855 3213 1143 3277 Senatum
1193 3212 1336 3277 dare
1385 3213 1551 3278 enim
1598 3212 1860 3298 intelligi
1909 3218 2143 3298 potest,
2196 3215 2325 3280 sive
2375 3219 2427 3280 is

181 3342 296 3428 qui
347 3347 626 3406 senatum
660 3342 764 3405 dat
811 3341 868 3404 ei
917 3341 1016 3405 cui
1065 3341 1182 3425 ipsi
1231 3362 1559 3405 convocare
1608 3340 1904 3404 nonlicet
1938 3341 2023 3426 ³),
2076 3341 2205 3406 sive
2236 3343 2291 3406 is
2324 3345 2433 3428 qui

178 3474 465 3535 senatum
513 3468 760 3554 praebet
823 3467 1078 3532 aliarum
1129 3467 1451 3532 civitatum
1507 3467 1918 3552 legationibus
1951 3468 2019 3552 4).
2076 3469 2243 3550 Quid
2292 3492 2432 3536 vero

175 3599 302 3662 hac
351 3597 426 3660 de
474 3619 536 3660 re
586 3595 974 3660 statuendum
1029 3594 1139 3673 sit,
1190 3616 1460 3658 summus
1511 3600 1751 3658 tantum
1784 3594 2167 3680 magistratus
2202 3597 2263 3659 in
2302 3618 2430 3660 mu-

173 3723 432 3810 nicipiis
478 3722 707 3787 Flaviis
749 3723 883 3808 jure
930 3729 1176 3787 senatus
1226 3720 1492 3786 habendi
1548 3721 1862 3807 praeditus
1912 3726 2040 3800 est,
2093 3722 2255 3806 quod
2290 3744 2430 3786 con·

327 4075 363 4136 1)
436 4074 588 4138 Quem
623 4075 730 4124 vide
765 4076 816 4124 in
854 4077 1044 4142 Operae
1076 4080 1142 4128 ad
1179 4079 1284 4128 Tab.
1326 4080 1519 4129 Heraol.
1557 4097 1606 4145 p.
1646 4082 1764 4140 161,
1807 4081 1921 4130 162.

322 4159 364 4223 ²)
434 4159 493 4206 In
535 4159 618 4221 Op.
653 4161 712 4218 l.,
749 4177 797 4225 p.
835 4161 916 4210 62.
989 4162 1192 4212 Ratione
1241 4170 1521 4228 quaesturae
1569 4181 1629 4214 an
1678 4166 1806 4215 idem
1858 4165 2166 4216 contenderet
2200 4167 2427 4231 quodam·
2524 4157 2527 4160 ⁴

171 4247 326 4298 modo
366 4244 628 4303 dubitavit,
668 4245 764 4295 vid.
799 4263 845 4311 p.
885 4247 967 4297 63.

319 4329 362 4392 ³)
434 4329 561 4377 Huic
598 4330 812 4394 opinioni
859 4332 988 4382 favet
1031 4347 1312 4394 nonnum,
1362 4337 1684 4395 Sladtreohte,
1736 4353 1785 4401 p.
1824 4338 1950 4396 4443
1991 4336 2061 4386 ita
2097 4337 2297 4402 privatis
2329 4353 2431 4386 ma·

169 4418 411 4482 gistratus
449 4414 702 4463 conciones
739 4415 937 4467 dabant.

313 4499 356 4561 4)
428 4497 504 4548 Ita
539 4512 841 4550 macutus
873 4502 924 4550 in
963 4503 1147 4567 Opere:
1187 4505 1276 4554 Les
1305 4505 1489 4565 Tables,
1515 4522 1564 4570 p.
1590 4507 1678 4564 233
1716 4507 1774 4556 cf.
1800 4519 1992 4557 ornam>
2016 4507 2064 4556 in
2097 4507 2184 4570 Op.
2213 4508 2245 4557 l.
2272 4523 2317 4572 p.
2345 4507 2428 4556 61.
