3027 5263
1610 510 1735 571 1315

543 707 740 791 coepti
789 710 1013 783 essent,
1066 702 1351 787 praefecti
1393 699 1686 786 appellati
1738 706 1882 763 sunt
1924 700 2001 783 1);
2049 700 2113 762 in
2166 698 2521 786 municipiis
2552 702 2823 767 omnino

544 833 784 917 saepius
859 831 1191 917 praefectos
1238 828 1603 893 constitutos
1652 826 1825 891 video
1876 848 2068 911 quum
2116 826 2363 891 comitia
2412 828 2635 893 haberi
2682 851 2819 893 non

543 966 790 1043 possent
821 958 908 1039 ²),‘
983 956 1146 1019 unde
1211 955 1486 1039 sequitur
1550 976 1654 1018 eos
1718 954 1906 1017 creari
1980 975 2106 1017 non
2164 954 2435 1038 potuisse
2512 957 2810 1021 comitiis.

542 1084 890 1147 Praefectos
942 1084 1210 1147 vicorum
1261 1081 1354 1145 vel
1405 1104 1697 1167 pagorum
1732 1104 1765 1143 a
1816 1080 2175 1165 magistratu
2206 1082 2532 1166 municipii
2579 1082 2684 1147 vel
2708 1106 2813 1147 co·

543 1211 742 1275 Ioniae
791 1211 1004 1274 missos
1055 1232 1184 1273 esse
1233 1182 1651 1293 compluribus
1704 1214 1973 1272 veterum
2007 1208 2365 1271 testimoniis
2392 1209 2699 1294 probatur
2734 1212 2810 1295 ³).

547 1338 724 1423 Ipsos
775 1336 1110 1422 praefectos
1163 1334 1432 1399 Caesaris
1467 1335 1559 1398 vel
1608 1334 1791 1399 IIviri
1849 1354 2108 1417 quorum
2156 1333 2221 1397 in
2269 1334 2385 1397 hac
2417 1334 2558 1421 lege
2602 1359 2807 1401 sermo

549 1472 639 1529 est
688 1465 898 1529 eodem
948 1462 1132 1527 modo
1181 1461 1326 1546 eligi
1374 1461 1705 1547 apparebit.

738 1592 832 1654 De
880 1589 1052 1653 hisce
1099 1589 1244 1652 solis
1267 1587 1585 1673 praefectis
1612 1587 1710 1651 lex
1727 1586 2435 1671 Salpensanaloquitur;
2486 1588 2551 1652 in
2582 1589 2806 1675 Capite

551 1720 637 1780 24
686 1716 840 1801 legis
887 1715 1222 1799 praefectus
1271 1714 1665 1801 Imperatoris
1714 1719 2117 1792 memoratur;
2170 1714 2235 1777 in
2270 1714 2485 1800 Capite
2520 1718 2807 1801 sequenti

549 1841 886 1926 praefectus
935 1840 1153 1918 IIviri3
1209 1846 1354 1903 sunt
1401 1839 1578 1903 ambo
1603 1840 1893 1923 praefecti
1908 1840 2035 1924 juri
2062 1839 2365 1928 dicu‘ndO,
2396 1842 2625 1906 etenim
2659 1842 2807 1907 licet

551 1968 836 2053 praefecti
903 1967 1174 2031 Caesaris
1222 1968 1335 2031 hac
1391 1966 1525 2051 lege
1583 1966 1686 2031 illo
1736 1966 2096 2052 cognomine
2144 1990 2267 2031 non
2316 1974 2609 2033 ornentur
2657 1970 2803 2035 inde

553 2095 939 2160 efficiendum
1011 2117 1137 2159 non
1212 2100 1299 2159 est
1372 2102 1700 2179 utrumque
1748 2117 1873 2159 non
1930 2116 2121 2178 aeque
2169 2094 2583 2179 jurisdictioni
2631 2120 2803 2181 prae-

549 2223 734 2286 fuisse
769 2224 836 2306 ἱ).
889 2225 1100 2306 Aeque
1147 2229 1273 2285 tam
1325 2221 1625 2305 praefecto
1673 2220 1948 2285 Caesaris
1996 2243 2177 2305 quam
2226 2222 2283 2285 ei
2316 2222 2425 2306 qui
2448 2245 2559 2307 pro
2594 2222 2799 2288 IIviro

551 2350 832 2435 fungitur
881 2348 1105 2412 multae
1163 2348 1346 2411 dictio
1391 2347 1681 2432 competit
1695 2373 1713 2425 ς
1760 2347 2015 2411 facult-as
2069 2346 2175 2411 illa
2230 2347 2393 2411 enim
2442 2346 2657 2433 Capite
2710 2352 2793 2412 66

551 2477 708 2561 legis
785 2476 935 2539 Mal.
1011 2476 1078 2538 in
1127 2497 1346 2559 genere
1395 2474 1710 2559 praefectis
1762 2474 2049 2538 tribuitur
2096 2474 2265 2539 nulla
2312 2475 2544 2540 ratione
2591 2476 2799 2542 habita

550 2603 681 2668 eius
731 2626 766 2666 a
814 2623 936 2686 quo
985 2602 1108 2665 sint
1157 2602 1345 2666 electi.

761 2727 960 2812 Caput
1027 2733 1112 2792 24
1186 2728 1342 2813 legis
1415 2729 1821 2814 Salpensanae
1879 2734 2120 2793 tantum
2182 2729 2258 2792 de
2307 2751 2446 2792 casu
2494 2730 2623 2814 agit
2672 2752 2793 2814 quo

553 2856 892 2940 Imperator
938 2875 1325 2920 DOMH'IANUS
1374 2856 1541 2920 IIvir
1590 2862 1891 2921 crearetur
1904 2883 1923 2934 3
1974 2857 2346 2942 praefectum
2408 2857 2483 2921 ab
2533 2879 2604 2921 eo
2656 2879 2795 2920 con-

553 2984 838 3047 stitutum
887 3005 958 3047 eo
998 2984 1134 3068 jure
1185 3006 1311 3048 esse
1352 2983 1563 3068 jubet,
1617 3006 1737 3069 quo
1788 2984 1921 3070 ipse
1953 2984 2291 3070 Imperator
2316 2989 2471 3050 esset
2494 2983 2601 3067 qui
2632 2983 2797 3048 solus

553 3111 715 3176 IIvir
764 3115 1065 3174 crearetur
1111 3111 1461 3196 Salpensae.

739 3236 992 3320 Saepius
1055 3236 1278 3300 accidit
1325 3241 1398 3300 ut
1444 3236 1508 3300 in
1557 3237 1993 3321 Imperatorem
2040 3238 2292 3322 ejusque
2338 3236 2561 3302 liberos
2610 3237 2796 3301 hono-

555 3385 648 3426 res
696 3362 1092 3446 municipales
1139 3362 1551 3442 deferrentur‚
1628 3385 1779 3447 quos
1828 3385 2020 3448 quum
2066 3365 2188 3449 ipsi
2235 3385 2440 3449 gerere
2487 3385 2615 3427 non
2664 3385 2794 3448 pos-

555 3495 720 3567 sent,
795 3488 1114 3574 praefectis
1204 3487 1492 3555 mandare
1562 3491 1824 3555 solerent
1856 3491 1925 3575 5).
2024 3489 2431 3575 Plerumque,
2493 3494 2563 3554 ut
2626 3494 2797 3558 acute

699 3725 740 3788 1)
809 3723 1044 3772 Praefecti
1087 3724 1251 3772 classis
1291 3740 1333 3774 v.
1359 3742 1405 3789 g.
1441 3726 1667 3788 quamdiu
1702 3743 1730 3774 a
1764 3726 1944 3791 populo
1979 3727 2265 3776 creabantur
2306 3727 2455 3778 IIviri
2492 3731 2681 3780 navales
2711 3748 2789 3798 ap-

553 3809 880 3874 pellabantnr3
927 3809 1032 3857 vide
1066 3823 1165 3858 mv.
1204 3810 1259 3868 9,
1301 3811 1396 3870 30,
1435 3811 1521 3860 40.
1558 3811 1638 3862 18.

697 3893 735 3954 ¹²)
807 3893 880 3942 cf.
915 3907 1080 3941 zum’r
1117 3894 1166 3942 in
1209 3897 1455 3944 Comment.
1495 3896 1758 3960 Epiqraplo.
1795 3896 1847 3955 Ι,
1888 3913 1938 3960 p.
1974 3897 2057 3944 59.

694 3977 734 4036 3)
806 3973 924 4024 Vide
959 3979 1296 4041 [ascriptiones
1322 3992 1506 4029 casnm
1534 3997 1613 4030 no.
1656 3982 1749 4030 121
1766 4018 1781 4040 ‚
1807 3981 2041 4046 imprimis
2065 3979 2221 4030 tamen'
2248 3993 2471 4031 sxcumm
2494 3996 2723 4034 naccon
2740 3985 2792 4035 in

554 4064 660 4112 loco
697 4078 743 4127 p.
787 4062 898 4110 135.
936 4068 1021 4111 not
1060 4065 1083 4110 1
1123 4065 1250 4112 Disoe.
1287 4064 1416 4116 laud.

699 4145 742 4203 4)
809 4147 934 4196 Satis
985 4149 1286 4212 perspicuum
1341 4149 1432 4197 hoc
1478 4149 1695 4207 videtur,
1736 4166 1847 4198 nam
1898 4153 1996 4199 tam
2032 4151 2258 4214 praefecti
2295 4151 2509 4200 Caesaris
2544 4168 2685 4216 quam
2716 4157 2793 4219 qui

560 4230 706 4280 IIviri
741 4230 899 4280 locum
953 4233 1215 4292 sustinent,
1251 4233 1416 4282 eodem
1437 4235 1549 4296 jure
1572 4250 1696 4283 essse
1731 4236 1958 4284 iubentur
1990 4251 2046 4284 ac
2086 4236 2234 4284 IIviri
2268 4236 2390 4302 ipsi3
2425 4237 2573 4301 igitur
2606 4238 2793 4301 jurisdi-

557 4315 705 4366 ctioni
740 4321 982 4379 praesunt.
1019 4317 1090 4368 Cf.
1129 4317 1324 4366 omnino
1365 4319 1655 4382 Cenotapkia
1692 4321 1867 4370 Pisana
1906 4321 2032 4385 apud
2069 4333 2193 4369 ΖΕΗ,
2230 4337 2308 4370 no.
2349 4319 2498 4373 1749.
2533 4321 2651 4386 Cap.
2687 4323 2730 4376 2.

699 4400 736 4462 5)
812 4400 927 4449 Vide
962 4417 1103 4466 supra
1139 4419 1184 4466 p.
1227 4403 1318 4452 135
1359 4408 1456 4452 not.
1495 4405 1545 4455 2.
