3027 5263
1592 475 1675 536 10

697 665 1026 730 Momasun·
1065 667 1142 751 ¹),
1196 665 1509 732 contendit
1557 666 1717 752 leges
1765 667 1952 732 fuisse
2008 668 2471 735 constitutiones
2524 670 2746 756 princi·

509 793 710 878 cipum
731 842 749 871 ,
795 793 1000 879 legum
1034 794 1162 858 vice
1211 795 1415 872 datae,
1472 817 1622 880 quas
1655 802 1858 860 tamen
1892 794 1967 860 ab
2002 796 2219 861 edictis
2252 797 2547 884 distingui
2579 821 2755 884 opor-

509 927 652 986 teat.
755 923 1007 988 GmAUD
1037 924 1126 1008 2)‚
1198 925 1299 988 cui
1363 924 1695 989 assentitur
1774 945 1931 990 ΖΕΗ,
1964 925 2055 1010 3)‚
2128 949 2325 1011 neque
2382 927 2448 991 in
2494 926 2601 991 illa
2648 949 2751 991 ne-

507 1071 629 1133 que
693 1052 993 1116 contraria
1041 1052 1332 1137 opinione
1379 1052 1561 1137 plane
1609 1054 1965 1138 acquiescit;
2017 1077 2215 1139 neque
2272 1054 2435 1120 enim
2492 1054 2567 1120 ab
2629 1056 2751 1119 Im-

508 1182 783 1260 peratore
830 1202 1028 1264 neque
1073 1179 1141 1243 in
1191 1179 1449 1244 comitiis
1498 1203 1532 1244 a
1581 1180 1808 1267 populo
1856 1181 2133 1246 Romano
2190 1181 2367 1246 hasce
2431 1181 2591 1267 leges
2647 1181 2751 1246 da·

511 1310 604 1366 tas
655 1327 784 1369 esse
833 1307 937 1371 sed
984 1307 1272 1372 formulas
1318 1308 1503 1373 fuisse
1562 1308 1931 1393 reipublicae
1990 1309 2453 1374 constituendae
2502 1331 2537 1374 a
2584 1331 2754 1394 prae-

507 1429 640 1494 side
690 1434 1034 1516 provinciae
1099 1435 1193 1500 vel
1257 1435 1332 1501 ab
1379 1435 1527 1521 ipsis
1596 1434 2011 1520 municipibus
2068 1436 2237 1501 datas
2307 1435 2593 1521 opinatus
2641 1439 2749 1498 est.

509 1556 688 1621 Licet
749 1561 940 1646 igitur
1001 1563 1312 1649 paulisper
1376 1563 1450 1627 ab
1518 1563 1805 1647 opinione
1863 1585 2043 1646 quam
2123 1563 2382 1648 protulit
2444 1551 2759 1628 Mommsen

506 1684 826 1751 discedant
887 1711 1011 1751 una
1074 1711 1213 1752 cum
1277 1711 1348 1752 eo
1409 1695 1637 1772 negant
1702 1710 1803 1751 eas
1854 1709 1976 1750 esse
2041 1687 2195 1750 latas
2259 1689 2593 1752 secundum
2640 1689 2759 1753 for-

513 1833 673 1876 mam
746 1813 868 1898 legi
931 1837 966 1878 a
1029 1815 1261 1900 populo
1326 1820 1599 1898 tempore
1661 1811 2034 1898 reipublicae
2088 1811 2366 1876 ferendae
2432 1815 2761 1900 praescrip·

509 1944 656 2002 tam.
731 1939 964 2003 Putant
1011 1947 1286 2027 tempore
1333 1962 1571 2022 nanim
1619 1945 1977 2027 potestatem
2026 1940 2335 2026 legiferam
2386 1940 2599 2026 populi
2630 1941 2759 2004 Ro-

509 2065 677 2128 mani
728 2066 792 2131 in
857 2067 1120 2133 comitiis
1186 2068 1456 2134 desinere
1530 2069 1831 2154 coepisse3
1898 2067 2184 2132 nituntur
2247 2066 2545 2152 imprimis
2618 2066 2756 2130 loco

513 2213 724 2260 'mom
757 2197 834 2282 4),
910 2198 1023 2262 ubi
1085 2198 1340 2264 dicitur:
1417 2199 1621 2278 „Tum
1676 2200 1945 2284 primum
2000 2196 2249 2262 comitia
2304 2217 2337 2260 e
2395 2196 2624 2280 Campo
2682 2195 2763 2260 ad

503 2330 712 2408 patres
743 2327 1033 2391 translata
1067 2326 1268 2407 sunt’',
1307 2350 1460 2412 quae
1493 2333 1698 2393 tamen
1724 2326 1903 2391 verba
1930 2325 2107 2390 aliam
2136 2323 2598 2424 enplicationem
2626 2346 2758 2409 per·

515 2450 800 2530 mittunt,
852 2454 978 2518 imo
1029 2455 1318 2532 suadent,
1371 2455 1421 2518 si
1471 2455 1845 2520 attendimus
1880 2453 1957 2518 ad
1987 2451 2405 2518 testimonium
2433 2471 2756 2528 summm,

507 2579 624 2664 qui
673 2579 818 2644 dum
868 2581 1367 2647 constitutionem
1414 2581 1583 2648 illam
1632 2601 1869 2648 TIBERJI
1917 2579 1991 2645 ab
2023 2579 2393 2664 Imperatore
2442 2597 2756 2644 GALroULA

506 2703 864 2792 abrogatam
927 2730 1054 2773 esse
1117 2716 1356 2789 narrat,
1424 2712 1509 2774 ita
1557 2710 1827 2795 loquitur
1860 2708 1940 2793 ⁵):
2016 2706 2321 2786 „tentavit
2370 2711 2431 2771 et
2488 2706 2765 2770 comitio-

515 2856 646 2899 rum
698 2858 865 2899 more
921 2842 1199 2902 revocato
1247 2838 1540 2925 suffiqu‘a
1586 2838 1814 2923 populo
1872 2833 2198 2915 reddere''‚
2252 2833 2471 2918 quibus
2520 2832 2763 2897 collatis

509 2982 796 3028 *norrun
857 2964 941 3029 1.1.
1010 2966 1085 3030 de
1149 2966 1410 3031 comitiis
1458 2964 1917 3052 magistratibus
1974 2962 2246 3045 creandis
2309 2961 2585 3025 locutum
2632 2982 2765 3025 esse

509 3112 752 3158 censeo·
847 3092 999 3159 Ideo
1048 3116 1292 3178 quoque
1324 3094 1474 3158 haec
1525 3086 1849 3178 explicatio
1899 3090 2092 3175 magis
2141 3089 2339 3174 placet
2372 3090 2515 3172 quia
2548 3087 2766 3174 populi

519 3224 720 3301 partes
768 3219 834 3282 in
882 3218 1259 3305 legislatione
1306 3226 1443 3305 post
1501 3218 1814 3283 Tiberium
1859 3217 1961 3281 hic
2015 3215 2147 3279 illic
2193 3219 2557 3279 memoratae
2604 3214 2771 3278 inve-

508 3344 770 3409 ·niantur
817 3368 873 3411 v.
921 3369 978 3431 g.
1029 3346 1095 3410 in
1144 3346 1275 3432 lege
1334 3346 1408 3411 de
1482 3346 1741 3432 imperio
1814 3362 2175 3409 VESPASIANI
2206 3342 2253 3427 6)
2327 3340 2436 3408 ubi
2505 3340 2764 3426 legitur:

665 3540 700 3604 ¹)
769 3542 972 3601 Stadtr„
1010 3559 1060 3607 p.
1097 3543 1222 3601 390,
1277 3557 1417 3606 quem
1463 3542 1615 3591 secuti
1650 3542 1765 3591 sunt
1799 3554 1849 3589 A.
1887 3553 1938 3589 A.
1974 3552 2023 3589 r.
2057 3549 2315 3593 nunonrr,
2354 3536 2402 3583 in
2442 3534 2600 3600 Opere
2633 3536 2768 3584 Rom.

509 3626 978 3691 *Rechtsqeschichtffi
1013 3627 1205 3693 Leipzig
1241 3626 1401 3686 1857,
1439 3628 1490 3680 1.
1529 3642 1577 3692 P.
1614 3628 1693 3679 16.
1747 3625 1953 3683 Lmen,
1991 3622 2233 3673 Ro‘mische
2265 3621 2611 3679 Altertlziimer,
2650 3620 2771 3669 Ber-

512 3710 591 3759 .lin
631 3712 786 3771 1862,
820 3712 897 3771 11,
937 3728 985 3777 p.
1023 3713 1136 3763 616.

662 3796 702 3859 ²)
772 3797 824 3845 in
858 3796 952 3861 Op.
989 3797 1022 3848 l.
1057 3813 1105 3861 p.
1145 3798 1207 3847 31
1247 3800 1296 3847 et
1335 3798 1419 3848 32.

665 3879 705 3943 ³)
774 3880 824 3929 iu
862 3881 1045 3945 Opere:
1082 3883 1226 3946 Leqes
1260 3882 1571 3945 municipales
1604 3882 1897 3943 Salpensana
1932 3882 1977 3927 et
2024 3876 2321 3927 Malacitana
2358 3876 2551 3939 aliaque
2582 3876 2773 3938 supple-

521 3967 679 4015 menta
711 3965 782 4013 ad
810 3969 1105 4015 monumenta
1139 3967 1326 4031 qualia.
1365 3965 1658 4030 Heidelberg
1696 3963 1852 4016 1857,
1893 3979 1939 4027 p.
1977 3961 2031 4011 7.

660 4048 704 4113 4)
772 4049 896 4101 Ann.
933 4050 988 4109 Ι,
1024 4051 1117 4111 16,
1151 4051 1232 4099 ubi
1267 4050 1480 4115 loquitur
1517 4051 1573 4099 de
1610 4052 1762 4099 aetate
1796 4061 2012 4098 masau.

666 4134 707 4198 5)
778 4137 838 4185 In
873 4137 970 4186 vita
1009 4136 1251 4201 Galeyulae
1287 4138 1402 4201 Cap.
1453 4137 1541 4194 16,
1582 4136 1643 4185 cf.
1680 4146 1881 4183 monum
1918 4146 2163 4189 caestum,
2210 4130 2314 4180 Lib.
2344 4130 2433 4189 59,
2474 4146 2561 4194 cap
2588 4129 2645 4187 9,
2684 4126 2779 4180 ubi

526 4217 732 4287 legitur:
769 4220 902 4283 »τὰς
939 4224 1302 4297 ἀρχαιρεσίας
1341 4226 1418 4295 τῷ
1457 4222 1606 4294 δήμῳ
1647 4218 1990 4275 ἀποδέδωκε”.

666 4317 705 4381 ⁶)
777 4315 888 4367 vid.
923 4317 1332 4368 znmsDelectus
1373 4316 1737 4379 Inscriptionum
1787 4315 2131 4370 Romanarum,
2172 4310 2461 4372 Heidelberg
2499 4309 2650 4366 1850,
2694 4324 2776 4358 no,

528 4404 682 4453 11686.
