<?xml version="1.0" encoding="UTF-8"?>
<!DOCTYPE html PUBLIC "-//W3C//DTD XHTML 1.0 Transitional//EN"
    "http://www.w3.org/TR/xhtml1/DTD/xhtml1-transitional.dtd">
<html xmlns="http://www.w3.org/1999/xhtml" xml:lang="en" lang="en">
 <head>
  <title>
</title>
<meta http-equiv="Content-Type" content="text/html;charset=utf-8" />
  <meta name='ocr-system' content='tesseract 3.04.00' />
  <meta name='ocr-capabilities' content='ocr_page ocr_carea ocr_par ocr_line ocrx_word'/>
</head>
<body>
  <div class='ocr_page' id='page_1' title='image "./disquisitiodeae00swingoog_0248.png"; bbox 0 0 3027 5263; ppageno 0'>
   <div class='ocr_carea' id='block_1_1' title="bbox 1596 508 1730 569">
    <p class='ocr_par' dir='ltr' id='par_1_1' title="bbox 1596 508 1730 569">
     <span class='ocr_line' id='line_1_1' title="bbox 1596 508 1730 569; baseline 0.007 -1"><span class='ocrx_word' id='word_1_1' title='bbox 1596 508 1730 569; x_wconf 82' lang='grc'><strong>232</strong></span> 
     </span>
    </p>
   </div>
   <div class='ocr_carea' id='block_1_2' title="bbox 439 699 2788 2695">
    <p class='ocr_par' dir='ltr' id='par_1_2' title="bbox 527 699 2788 1166">
     <span class='ocr_line' id='line_1_2' title="bbox 543 699 2788 788; baseline 0 -22"><span class='ocrx_word' id='word_1_2' title='bbox 543 702 688 788; x_wconf 86' lang='lat' dir='ltr'><strong>quia</strong></span> <span class='ocrx_word' id='word_1_3' title='bbox 736 707 873 787; x_wconf 82' lang='lat' dir='ltr'><strong>post</strong></span> <span class='ocrx_word' id='word_1_4' title='bbox 920 700 1052 764; x_wconf 87' lang='lat' dir='ltr'><strong>litis</strong></span> <span class='ocrx_word' id='word_1_5' title='bbox 1103 700 1602 766; x_wconf 79' lang='lat' dir='ltr'><strong>contestationem</strong></span> <span class='ocrx_word' id='word_1_6' title='bbox 1669 699 1914 765; x_wconf 87' lang='lat' dir='ltr'><strong>demum</strong></span> <span class='ocrx_word' id='word_1_7' title='bbox 1963 701 2016 764; x_wconf 91' lang='lat' dir='ltr'><strong>is</strong></span> <span class='ocrx_word' id='word_1_8' title='bbox 2065 702 2216 786; x_wconf 91' lang='lat' dir='ltr'><strong>„qui</strong></span> <span class='ocrx_word' id='word_1_9' title='bbox 2267 701 2566 767; x_wconf 78' lang='lat' dir='ltr'><strong>actionem</strong></span> <span class='ocrx_word' id='word_1_10' title='bbox 2617 703 2788 768; x_wconf 89' lang='lat' dir='ltr'><strong>insti-</strong></span> 
     </span>
     <span class='ocr_line' id='line_1_3' title="bbox 529 826 2776 916; baseline 0.001 -25"><span class='ocrx_word' id='word_1_11' title='bbox 529 829 685 910; x_wconf 89' lang='lat' dir='ltr'><strong>tuit</strong></span> <span class='ocrx_word' id='word_1_12' title='bbox 690 826 731 857; x_wconf 77' lang='lat'><strong>’³</strong></span> <span class='ocrx_word' id='word_1_13' title='bbox 779 828 869 891; x_wconf 87' lang='lat' dir='ltr'><strong>uti</strong></span> <span class='ocrx_word' id='word_1_14' title='bbox 902 828 1101 890; x_wconf 88' lang='lat' dir='ltr'><strong>omnis</strong></span> <span class='ocrx_word' id='word_1_15' title='bbox 1134 833 1517 912; x_wconf 87' lang='lat' dir='ltr'><strong>procurator,</strong></span> <span class='ocrx_word' id='word_1_16' title='bbox 1557 826 1838 892; x_wconf 88' lang='lat' dir='ltr'><strong>dominus</strong></span> <span class='ocrx_word' id='word_1_17' title='bbox 1871 826 1941 890; x_wconf 87' lang='lat' dir='ltr'><strong>fit</strong></span> <span class='ocrx_word' id='word_1_18' title='bbox 1974 826 2190 912; x_wconf 45' lang='lat' dir='ltr'><strong>litis&amp;</strong></span> <span class='ocrx_word' id='word_1_19' title='bbox 2206 851 2386 914; x_wconf 87' lang='lat' dir='ltr'><strong>,quo</strong></span> <span class='ocrx_word' id='word_1_20' title='bbox 2418 829 2580 894; x_wconf 87' lang='lat' dir='ltr'><strong>facto</strong></span> <span class='ocrx_word' id='word_1_21' title='bbox 2615 828 2776 916; x_wconf 83' lang='lat' dir='ltr'><strong>agit,</strong></span> 
     </span>
     <span class='ocr_line' id='line_1_4' title="bbox 527 877 2776 1041; baseline 0 -21"><span class='ocrx_word' id='word_1_22' title='bbox 527 954 773 1041; x_wconf 83' lang='lat' dir='ltr'><strong>perinde</strong></span> <span class='ocrx_word' id='word_1_23' title='bbox 822 977 893 1019; x_wconf 88' lang='lat' dir='ltr'><strong>ac</strong></span> <span class='ocrx_word' id='word_1_24' title='bbox 938 955 990 1018; x_wconf 90' lang='lat' dir='ltr'><strong>si</strong></span> <span class='ocrx_word' id='word_1_25' title='bbox 1038 954 1169 1040; x_wconf 90' lang='lat' dir='ltr'><strong>ipse</strong></span> <span class='ocrx_word' id='word_1_26' title='bbox 1218 953 1507 1018; x_wconf 88' lang='lat' dir='ltr'><strong>dominus</strong></span> <span class='ocrx_word' id='word_1_27' title='bbox 1559 961 1802 1040; x_wconf 86' lang='lat' dir='ltr'><strong>ageret;</strong></span> <span class='ocrx_word' id='word_1_28' title='bbox 1851 877 2252 1019; x_wconf 85' lang='lat' dir='ltr'><strong>nihilominus</strong></span> <span class='ocrx_word' id='word_1_29' title='bbox 2317 957 2560 1020; x_wconf 88' lang='lat' dir='ltr'><strong>actione</strong></span> <span class='ocrx_word' id='word_1_30' title='bbox 2611 979 2776 1021; x_wconf 85' lang='lat' dir='ltr'><strong>man-</strong></span> 
     </span>
     <span class='ocr_line' id='line_1_5' title="bbox 530 1081 2382 1166; baseline 0 -20"><span class='ocrx_word' id='word_1_31' title='bbox 530 1082 655 1147; x_wconf 85' lang='lat' dir='ltr'><strong>dati</strong></span> <span class='ocrx_word' id='word_1_32' title='bbox 704 1089 944 1147; x_wconf 87' lang='lat' dir='ltr'><strong>tenetur</strong></span> <span class='ocrx_word' id='word_1_33' title='bbox 993 1083 1309 1146; x_wconf 80' lang='lat' dir='ltr'><strong>restituere</strong></span> <span class='ocrx_word' id='word_1_34' title='bbox 1360 1081 1528 1166; x_wconf 88' lang='lat' dir='ltr'><strong>quod</strong></span> <span class='ocrx_word' id='word_1_35' title='bbox 1577 1082 1812 1146; x_wconf 87' lang='lat' dir='ltr'><strong>actione</strong></span> <span class='ocrx_word' id='word_1_36' title='bbox 1863 1089 2222 1146; x_wconf 88' lang='lat' dir='ltr'><strong>consecutus</strong></span> <span class='ocrx_word' id='word_1_37' title='bbox 2272 1089 2382 1147; x_wconf 90' lang='lat' dir='ltr'><strong>est.</strong></span> 
     </span>
    </p>

    <p class='ocr_par' dir='ltr' id='par_1_3' title="bbox 524 1208 2780 1550">
     <span class='ocr_line' id='line_1_6' title="bbox 717 1208 2780 1295; baseline 0 -21"><span class='ocrx_word' id='word_1_38' title='bbox 717 1210 875 1274; x_wconf 89' lang='lat' dir='ltr'><strong>Sunt</strong></span> <span class='ocrx_word' id='word_1_39' title='bbox 936 1217 1141 1273; x_wconf 85' lang='lat' dir='ltr'><strong>tamen</strong></span> <span class='ocrx_word' id='word_1_40' title='bbox 1206 1208 1536 1274; x_wconf 86' lang='lat' dir='ltr'><strong>nonnullae</strong></span> <span class='ocrx_word' id='word_1_41' title='bbox 1607 1231 1820 1273; x_wconf 85' lang='lat' dir='ltr'><strong>causae</strong></span> <span class='ocrx_word' id='word_1_42' title='bbox 1870 1208 2094 1294; x_wconf 89' lang='lat' dir='ltr'><strong>quibus</strong></span> <span class='ocrx_word' id='word_1_43' title='bbox 2142 1208 2308 1294; x_wconf 87' lang='lat' dir='ltr'><strong>quod</strong></span> <span class='ocrx_word' id='word_1_44' title='bbox 2356 1232 2464 1295; x_wconf 87' lang='lat' dir='ltr'><strong>per</strong></span> <span class='ocrx_word' id='word_1_45' title='bbox 2510 1211 2780 1276; x_wconf 83' lang='lat' dir='ltr'><strong>actiones</strong></span> 
     </span>
     <span class='ocr_line' id='line_1_7' title="bbox 526 1335 2768 1422; baseline 0 -22"><span class='ocrx_word' id='word_1_46' title='bbox 526 1336 841 1422; x_wconf 81' lang='lat' dir='ltr'><strong>populares</strong></span> <span class='ocrx_word' id='word_1_47' title='bbox 904 1335 1236 1422; x_wconf 89' lang='lat' dir='ltr'><strong>acquiritur</strong></span> <span class='ocrx_word' id='word_1_48' title='bbox 1298 1335 1459 1400; x_wconf 81' lang='lat' dir='ltr'><strong>cedit</strong></span> <span class='ocrx_word' id='word_1_49' title='bbox 1506 1335 1564 1400; x_wconf 90' lang='lat' dir='ltr'><strong>ei</strong></span> <span class='ocrx_word' id='word_1_50' title='bbox 1615 1336 1722 1420; x_wconf 89' lang='lat' dir='ltr'><strong>qui</strong></span> <span class='ocrx_word' id='word_1_51' title='bbox 1771 1335 2073 1400; x_wconf 83' lang='lat' dir='ltr'><strong>actionem</strong></span> <span class='ocrx_word' id='word_1_52' title='bbox 2122 1335 2428 1414; x_wconf 83' lang='lat' dir='ltr'><strong>instituit,</strong></span> <span class='ocrx_word' id='word_1_53' title='bbox 2485 1359 2542 1400; x_wconf 87' lang='lat' dir='ltr'><strong>v.</strong></span> <span class='ocrx_word' id='word_1_54' title='bbox 2590 1359 2652 1422; x_wconf 86' lang='lat' dir='ltr'><strong>g.</strong></span> <span class='ocrx_word' id='word_1_55' title='bbox 2705 1338 2768 1401; x_wconf 86' lang='lat' dir='ltr'><strong>in</strong></span> 
     </span>
     <span class='ocr_line' id='line_1_8' title="bbox 524 1463 2776 1550; baseline 0.001 -24"><span class='ocrx_word' id='word_1_56' title='bbox 524 1463 760 1529; x_wconf 86' lang='lat' dir='ltr'><strong>actione</strong></span> <span class='ocrx_word' id='word_1_57' title='bbox 792 1464 1051 1549; x_wconf 83' lang='lat' dir='ltr'><strong>sepulcri</strong></span> <span class='ocrx_word' id='word_1_58' title='bbox 1089 1463 1375 1547; x_wconf 76' lang='lat' dir='ltr'><strong>violati2)</strong></span> <span class='ocrx_word' id='word_1_59' title='bbox 1394 1485 1623 1548; x_wconf 85' lang='lat' dir='ltr'><strong>,quae</strong></span> <span class='ocrx_word' id='word_1_60' title='bbox 1658 1471 1857 1528; x_wconf 84' lang='lat' dir='ltr'><strong>tamen</strong></span> <span class='ocrx_word' id='word_1_61' title='bbox 1892 1463 2050 1528; x_wconf 88' lang='lat' dir='ltr'><strong>actio</strong></span> <span class='ocrx_word' id='word_1_62' title='bbox 2085 1464 2394 1550; x_wconf 84' lang='lat' dir='ltr'><strong>popularis</strong></span> <span class='ocrx_word' id='word_1_63' title='bbox 2435 1463 2720 1529; x_wconf 72' lang='lat' dir='ltr'><strong>dicitur-³</strong></span> <span class='ocrx_word' id='word_1_64' title='bbox 2721 1469 2776 1548; x_wconf 84' lang='lat'><strong>).</strong></span> 
     </span>
    </p>

    <p class='ocr_par' dir='ltr' id='par_1_4' title="bbox 526 1589 2783 1931">
     <span class='ocr_line' id='line_1_9' title="bbox 711 1589 2782 1677; baseline 0.001 -23"><span class='ocrx_word' id='word_1_65' title='bbox 711 1589 787 1654; x_wconf 84' lang='lat' dir='ltr'><strong>In</strong></span> <span class='ocrx_word' id='word_1_66' title='bbox 839 1590 943 1654; x_wconf 78' lang='lat' dir='ltr'><strong>tali</strong></span> <span class='ocrx_word' id='word_1_67' title='bbox 992 1613 1169 1655; x_wconf 85' lang='lat' dir='ltr'><strong>causa</strong></span> <span class='ocrx_word' id='word_1_68' title='bbox 1218 1592 1325 1676; x_wconf 92' lang='lat' dir='ltr'><strong>qui</strong></span> <span class='ocrx_word' id='word_1_69' title='bbox 1379 1591 1646 1655; x_wconf 87' lang='lat' dir='ltr'><strong>instituit</strong></span> <span class='ocrx_word' id='word_1_70' title='bbox 1697 1590 2028 1669; x_wconf 84' lang='lat' dir='ltr'><strong>actionem,</strong></span> <span class='ocrx_word' id='word_1_71' title='bbox 2078 1591 2164 1655; x_wconf 92' lang='lat' dir='ltr'><strong>ita</strong></span> <span class='ocrx_word' id='word_1_72' title='bbox 2214 1591 2288 1656; x_wconf 87' lang='lat' dir='ltr'><strong>de</strong></span> <span class='ocrx_word' id='word_1_73' title='bbox 2320 1590 2568 1677; x_wconf 88' lang='lat' dir='ltr'><strong>publico</strong></span> <span class='ocrx_word' id='word_1_74' title='bbox 2603 1614 2782 1677; x_wconf 85' lang='lat' dir='ltr'><strong>agere</strong></span> 
     </span>
     <span class='ocr_line' id='line_1_10' title="bbox 526 1717 2783 1804; baseline 0 -22"><span class='ocrx_word' id='word_1_75' title='bbox 526 1718 763 1783; x_wconf 86' lang='lat' dir='ltr'><strong>videtur</strong></span> <span class='ocrx_word' id='word_1_76' title='bbox 828 1724 897 1782; x_wconf 91' lang='grc' dir='ltr'><strong>ιιι</strong></span> <span class='ocrx_word' id='word_1_77' title='bbox 960 1723 1021 1782; x_wconf 90' lang='lat' dir='ltr'><strong>et</strong></span> <span class='ocrx_word' id='word_1_78' title='bbox 1068 1717 1374 1803; x_wconf 87' lang='lat' dir='ltr'><strong>privatum</strong></span> <span class='ocrx_word' id='word_1_79' title='bbox 1444 1717 1835 1782; x_wconf 89' lang='lat' dir='ltr'><strong>commodum</strong></span> <span class='ocrx_word' id='word_1_80' title='bbox 1899 1717 2186 1782; x_wconf 69' lang='lat' dir='ltr'><strong>defendat</strong></span> <span class='ocrx_word' id='word_1_81' title='bbox 2220 1717 2298 1802; x_wconf 67' lang='lat'><strong>4),</strong></span> <span class='ocrx_word' id='word_1_82' title='bbox 2349 1740 2542 1804; x_wconf 88' lang='lat' dir='ltr'><strong>eoque</strong></span> <span class='ocrx_word' id='word_1_83' title='bbox 2589 1719 2660 1782; x_wconf 89' lang='lat' dir='ltr'><strong>fit</strong></span> <span class='ocrx_word' id='word_1_84' title='bbox 2707 1725 2783 1783; x_wconf 89' lang='lat' dir='ltr'><strong>ut</strong></span> 
     </span>
     <span class='ocr_line' id='line_1_11' title="bbox 526 1845 2106 1931; baseline 0.001 -23"><span class='ocrx_word' id='word_1_85' title='bbox 526 1867 630 1931; x_wconf 85' lang='lat' dir='ltr'><strong>per</strong></span> <span class='ocrx_word' id='word_1_86' title='bbox 677 1852 1127 1931; x_wconf 87' lang='lat' dir='ltr'><strong>procuratorem</strong></span> <span class='ocrx_word' id='word_1_87' title='bbox 1176 1866 1419 1930; x_wconf 89' lang='lat' dir='ltr'><strong>quoque</strong></span> <span class='ocrx_word' id='word_1_88' title='bbox 1475 1852 1607 1909; x_wconf 86' lang='lat' dir='ltr'><strong>tum</strong></span> <span class='ocrx_word' id='word_1_89' title='bbox 1655 1845 1758 1931; x_wconf 87' lang='lat' dir='ltr'><strong>agi</strong></span> <span class='ocrx_word' id='word_1_90' title='bbox 1786 1846 2000 1930; x_wconf 80' lang='lat' dir='ltr'><strong>possit</strong></span> <span class='ocrx_word' id='word_1_91' title='bbox 2031 1846 2106 1930; x_wconf 78' lang='lat'><strong>³).</strong></span> 
     </span>
    </p>

    <p class='ocr_par' dir='ltr' id='par_1_5' title="bbox 439 1961 2786 2695">
     <span class='ocr_line' id='line_1_12' title="bbox 606 1961 2784 2058; baseline 0.001 -24"><span class='ocrx_word' id='word_1_92' title='bbox 606 1961 617 1967; x_wconf 64' lang='grc'><em>’</em></span> <span class='ocrx_word' id='word_1_93' title='bbox 710 1971 931 2056; x_wconf 83' lang='lat' dir='ltr'><strong>Itaque</strong></span> <span class='ocrx_word' id='word_1_94' title='bbox 979 1977 1103 2034; x_wconf 85' lang='lat' dir='ltr'><strong>tarn</strong></span> <span class='ocrx_word' id='word_1_95' title='bbox 1171 1971 1381 2056; x_wconf 88' lang='lat' dir='ltr'><strong>opinio</strong></span> <span class='ocrx_word' id='word_1_96' title='bbox 1452 1993 1664 2035; x_wconf 89' lang='lat' dir='ltr'><strong>eorum</strong></span> <span class='ocrx_word' id='word_1_97' title='bbox 1731 1972 1837 2056; x_wconf 90' lang='lat' dir='ltr'><strong>qui</strong></span> <span class='ocrx_word' id='word_1_98' title='bbox 1885 1971 1951 2036; x_wconf 89' lang='lat' dir='ltr'><strong>in</strong></span> <span class='ocrx_word' id='word_1_99' title='bbox 2001 1970 2316 2058; x_wconf 89' lang='lat' dir='ltr'><strong>publicum</strong></span> <span class='ocrx_word' id='word_1_100' title='bbox 2366 1972 2575 2037; x_wconf 84' lang='lat' dir='ltr'><strong>cedere</strong></span> <span class='ocrx_word' id='word_1_101' title='bbox 2621 1995 2784 2037; x_wconf 88' lang='lat' dir='ltr'><strong>sum·</strong></span> 
     </span>
     <span class='ocr_line' id='line_1_13' title="bbox 524 2098 2784 2186; baseline 0.002 -24"><span class='ocrx_word' id='word_1_102' title='bbox 524 2121 680 2163; x_wconf 88' lang='lat' dir='ltr'><strong>mam</strong></span> <span class='ocrx_word' id='word_1_103' title='bbox 732 2099 967 2163; x_wconf 86' lang='lat' dir='ltr'><strong>actione</strong></span> <span class='ocrx_word' id='word_1_104' title='bbox 1016 2098 1292 2183; x_wconf 82' lang='lat' dir='ltr'><strong>populari</strong></span> <span class='ocrx_word' id='word_1_105' title='bbox 1344 2099 1598 2184; x_wconf 81' lang='lat' dir='ltr'><strong>petitam</strong></span> <span class='ocrx_word' id='word_1_106' title='bbox 1652 2099 2134 2182; x_wconf 84' lang='lat' dir='ltr'><strong>contenderunt,</strong></span> <span class='ocrx_word' id='word_1_107' title='bbox 2184 2123 2362 2185; x_wconf 87' lang='lat' dir='ltr'><strong>quam</strong></span> <span class='ocrx_word' id='word_1_108' title='bbox 2391 2101 2633 2165; x_wconf 89' lang='lat' dir='ltr'><strong>illorum</strong></span> <span class='ocrx_word' id='word_1_109' title='bbox 2669 2101 2784 2186; x_wconf 89' lang='lat' dir='ltr'><strong>qui</strong></span> 
     </span>
     <span class='ocr_line' id='line_1_14' title="bbox 521 2225 2780 2311; baseline 0.001 -21"><span class='ocrx_word' id='word_1_110' title='bbox 521 2225 896 2290; x_wconf 81' lang='lat' dir='ltr'><strong>contrarium</strong></span> <span class='ocrx_word' id='word_1_111' title='bbox 962 2225 1302 2289; x_wconf 86' lang='lat' dir='ltr'><strong>docuerunt</strong></span> <span class='ocrx_word' id='word_1_112' title='bbox 1376 2225 1648 2290; x_wconf 89' lang='lat' dir='ltr'><strong>fontibus</strong></span> <span class='ocrx_word' id='word_1_113' title='bbox 1726 2233 1981 2311; x_wconf 85' lang='lat' dir='ltr'><strong>utraque</strong></span> <span class='ocrx_word' id='word_1_114' title='bbox 2029 2227 2282 2307; x_wconf 85' lang='lat' dir='ltr'><strong>nititur3</strong></span> <span class='ocrx_word' id='word_1_115' title='bbox 2360 2227 2522 2292; x_wconf 90' lang='lat' dir='ltr'><strong>unde</strong></span> <span class='ocrx_word' id='word_1_116' title='bbox 2571 2251 2780 2292; x_wconf 86' lang='lat' dir='ltr'><strong>verum</strong></span> 
     </span>
     <span class='ocr_line' id='line_1_15' title="bbox 523 2351 2786 2443; baseline 0.003 -27"><span class='ocrx_word' id='word_1_117' title='bbox 523 2353 830 2438; x_wconf 87' lang='lat' dir='ltr'><strong>attingere</strong></span> <span class='ocrx_word' id='word_1_118' title='bbox 880 2375 1019 2417; x_wconf 88' lang='lat' dir='ltr'><strong>eum</strong></span> <span class='ocrx_word' id='word_1_119' title='bbox 1080 2351 1339 2417; x_wconf 83' lang='lat' dir='ltr'><strong>arbitror</strong></span> <span class='ocrx_word' id='word_1_120' title='bbox 1388 2353 1495 2438; x_wconf 89' lang='lat' dir='ltr'><strong>qui</strong></span> <span class='ocrx_word' id='word_1_121' title='bbox 1543 2353 1760 2418; x_wconf 85' lang='lat' dir='ltr'><strong>statuit</strong></span> <span class='ocrx_word' id='word_1_122' title='bbox 1808 2353 1931 2418; x_wconf 90' lang='lat' dir='ltr'><strong>duo</strong></span> <span class='ocrx_word' id='word_1_123' title='bbox 1979 2355 2166 2420; x_wconf 85' lang='lat' dir='ltr'><strong>fuisse</strong></span> <span class='ocrx_word' id='word_1_124' title='bbox 2229 2356 2540 2421; x_wconf 86' lang='lat' dir='ltr'><strong>actionum</strong></span> <span class='ocrx_word' id='word_1_125' title='bbox 2589 2381 2786 2443; x_wconf 91' lang='lat' dir='ltr'><strong>popu-</strong></span> 
     </span>
     <span class='ocr_line' id='line_1_16' title="bbox 526 2479 2784 2568; baseline 0.002 -24"><span class='ocrx_word' id='word_1_126' title='bbox 526 2479 745 2544; x_wconf 85' lang='lat' dir='ltr'><strong>larium</strong></span> <span class='ocrx_word' id='word_1_127' title='bbox 794 2502 1049 2565; x_wconf 88' lang='lat' dir='ltr'><strong>genera,</strong></span> <span class='ocrx_word' id='word_1_128' title='bbox 1109 2501 1299 2543; x_wconf 89' lang='lat' dir='ltr'><strong>unum</strong></span> <span class='ocrx_word' id='word_1_129' title='bbox 1352 2480 1519 2564; x_wconf 87' lang='lat' dir='ltr'><strong>quod</strong></span> <span class='ocrx_word' id='word_1_130' title='bbox 1566 2480 1915 2546; x_wconf 86' lang='lat' dir='ltr'><strong>instituenti</strong></span> <span class='ocrx_word' id='word_1_131' title='bbox 1965 2504 2089 2547; x_wconf 89' lang='lat' dir='ltr'><strong>non</strong></span> <span class='ocrx_word' id='word_1_132' title='bbox 2137 2483 2329 2568; x_wconf 87' lang='lat' dir='ltr'><strong>prosit</strong></span> <span class='ocrx_word' id='word_1_133' title='bbox 2375 2483 2480 2548; x_wconf 88' lang='lat' dir='ltr'><strong>sed</strong></span> <span class='ocrx_word' id='word_1_134' title='bbox 2529 2484 2638 2548; x_wconf 89' lang='lat' dir='ltr'><strong>soli</strong></span> <span class='ocrx_word' id='word_1_135' title='bbox 2665 2485 2784 2550; x_wconf 90' lang='lat' dir='ltr'><strong>rei·</strong></span> 
     </span>
     <span class='ocr_line' id='line_1_17' title="bbox 439 2606 2781 2695; baseline 0 -19"><span class='ocrx_word' id='word_1_136' title='bbox 439 2668 451 2677; x_wconf 91' lang='lat'><strong><em>.</em></strong></span> <span class='ocrx_word' id='word_1_137' title='bbox 525 2606 856 2695; x_wconf 84' lang='lat' dir='ltr'><strong>publicae,</strong></span> <span class='ocrx_word' id='word_1_138' title='bbox 907 2606 1166 2671; x_wconf 86' lang='lat' dir='ltr'><strong>alterum</strong></span> <span class='ocrx_word' id='word_1_139' title='bbox 1216 2629 1357 2672; x_wconf 87' lang='lat' dir='ltr'><strong>vero</strong></span> <span class='ocrx_word' id='word_1_140' title='bbox 1406 2607 1574 2693; x_wconf 86' lang='lat' dir='ltr'><strong>quod</strong></span> <span class='ocrx_word' id='word_1_141' title='bbox 1620 2607 1791 2673; x_wconf 89' lang='lat' dir='ltr'><strong>lucro</strong></span> <span class='ocrx_word' id='word_1_142' title='bbox 1839 2607 1918 2672; x_wconf 88' lang='lat' dir='ltr'><strong>sit</strong></span> <span class='ocrx_word' id='word_1_143' title='bbox 1968 2609 2021 2674; x_wconf 90' lang='lat' dir='ltr'><strong>ei</strong></span> <span class='ocrx_word' id='word_1_144' title='bbox 2075 2609 2183 2695; x_wconf 90' lang='lat' dir='ltr'><strong>qui</strong></span> <span class='ocrx_word' id='word_1_145' title='bbox 2232 2620 2502 2692; x_wconf 87' lang='lat' dir='ltr'><strong>moveat,</strong></span> <span class='ocrx_word' id='word_1_146' title='bbox 2541 2634 2678 2677; x_wconf 87' lang='lat' dir='ltr'><strong>oum</strong></span> <span class='ocrx_word' id='word_1_147' title='bbox 2714 2614 2781 2677; x_wconf 88' lang='lat' dir='ltr'><strong>in</strong></span> 
     </span>
    </p>
   </div>
   <div class='ocr_carea' id='block_1_3' title="bbox 528 2732 2226 2823">
    <p class='ocr_par' dir='ltr' id='par_1_6' title="bbox 528 2732 2226 2823">
     <span class='ocr_line' id='line_1_18' title="bbox 528 2732 2226 2823; baseline 0.001 -24"><span class='ocrx_word' id='word_1_148' title='bbox 528 2737 624 2800; x_wconf 90' lang='lat' dir='ltr'><strong>his</strong></span> <span class='ocrx_word' id='word_1_149' title='bbox 675 2735 869 2823; x_wconf 86' lang='lat' dir='ltr'><strong>magis</strong></span> <span class='ocrx_word' id='word_1_150' title='bbox 920 2742 1221 2821; x_wconf 80' lang='lat' dir='ltr'><strong>spectetur</strong></span> <span class='ocrx_word' id='word_1_151' title='bbox 1269 2736 1489 2821; x_wconf 86' lang='lat' dir='ltr'><strong>privati</strong></span> <span class='ocrx_word' id='word_1_152' title='bbox 1539 2736 1776 2822; x_wconf 86' lang='lat' dir='ltr'><strong>agentis</strong></span> <span class='ocrx_word' id='word_1_153' title='bbox 1823 2732 2226 2802; x_wconf 88' lang='lat' dir='ltr'><strong>commodum.</strong></span> 
     </span>
    </p>
   </div>
   <div class='ocr_carea' id='block_1_4' title="bbox 528 3116 2783 3460">
    <p class='ocr_par' dir='ltr' id='par_1_7' title="bbox 528 3116 2783 3460">
     <span class='ocr_line' id='line_1_19' title="bbox 712 3116 2783 3207; baseline 0.005 -26"><span class='ocrx_word' id='word_1_154' title='bbox 712 3117 1068 3203; x_wconf 83' lang='lat' dir='ltr'><strong>Disputatio</strong></span> <span class='ocrx_word' id='word_1_155' title='bbox 1118 3116 1381 3204; x_wconf 87' lang='lat' dir='ltr'><strong>denique</strong></span> <span class='ocrx_word' id='word_1_156' title='bbox 1430 3140 1564 3183; x_wconf 88' lang='lat' dir='ltr'><strong>mea</strong></span> <span class='ocrx_word' id='word_1_157' title='bbox 1615 3118 1690 3185; x_wconf 91' lang='lat' dir='ltr'><strong>de</strong></span> <span class='ocrx_word' id='word_1_158' title='bbox 1739 3119 1872 3207; x_wconf 85' lang='lat' dir='ltr'><strong>lege</strong></span> <span class='ocrx_word' id='word_1_159' title='bbox 1903 3119 2270 3207; x_wconf 88' lang='lat' dir='ltr'><strong>Salpensana</strong></span> <span class='ocrx_word' id='word_1_160' title='bbox 2301 3127 2362 3186; x_wconf 91' lang='lat' dir='ltr'><strong>et</strong></span> <span class='ocrx_word' id='word_1_161' title='bbox 2409 3121 2783 3191; x_wconf 86' lang='lat' dir='ltr'><strong>Malacitana</strong></span> 
     </span>
     <span class='ocr_line' id='line_1_20' title="bbox 528 3244 1329 3329; baseline 0.002 -22"><span class='ocrx_word' id='word_1_162' title='bbox 528 3244 602 3308; x_wconf 89' lang='lat' dir='ltr'><strong>ad</strong></span> <span class='ocrx_word' id='word_1_163' title='bbox 658 3245 839 3309; x_wconf 88' lang='lat' dir='ltr'><strong>finem</strong></span> <span class='ocrx_word' id='word_1_164' title='bbox 888 3245 1176 3329; x_wconf 80' lang='lat' dir='ltr'><strong>perducta</strong></span> <span class='ocrx_word' id='word_1_165' title='bbox 1222 3254 1329 3309; x_wconf 89' lang='lat' dir='ltr'><strong>est.</strong></span> 
     </span>
     <span class='ocr_line' id='line_1_21' title="bbox 712 3371 2780 3460; baseline 0.004 -25"><span class='ocrx_word' id='word_1_166' title='bbox 712 3372 901 3457; x_wconf 87' lang='lat' dir='ltr'><strong>Spero</strong></span> <span class='ocrx_word' id='word_1_167' title='bbox 952 3371 1076 3437; x_wconf 87' lang='lat' dir='ltr'><strong>fore</strong></span> <span class='ocrx_word' id='word_1_168' title='bbox 1126 3379 1197 3437; x_wconf 91' lang='grc' dir='ltr'><strong>ιιι</strong></span> <span class='ocrx_word' id='word_1_169' title='bbox 1247 3373 1361 3437; x_wconf 90' lang='lat' dir='ltr'><strong>hoc</strong></span> <span class='ocrx_word' id='word_1_170' title='bbox 1394 3372 1604 3437; x_wconf 84' lang='lat' dir='ltr'><strong>saltem</strong></span> <span class='ocrx_word' id='word_1_171' title='bbox 1634 3375 1934 3441; x_wconf 85' lang='lat' dir='ltr'><strong>effecerim</strong></span> <span class='ocrx_word' id='word_1_172' title='bbox 1963 3382 2030 3439; x_wconf 85' lang='lat' dir='ltr'><strong>ut</strong></span> <span class='ocrx_word' id='word_1_173' title='bbox 2054 3375 2357 3441; x_wconf 85' lang='lat' dir='ltr'><strong>sublatum</strong></span> <span class='ocrx_word' id='word_1_174' title='bbox 2385 3378 2460 3441; x_wconf 88' lang='lat' dir='ltr'><strong>sit</strong></span> <span class='ocrx_word' id='word_1_175' title='bbox 2486 3378 2738 3444; x_wconf 86' lang='lat' dir='ltr'><strong>dubium</strong></span> <span class='ocrx_word' id='word_1_176' title='bbox 2760 3430 2780 3460; x_wconf 92' lang='lat'>,</span> 
     </span>
    </p>
   </div>
   <div class='ocr_carea' id='block_1_5' title="bbox 518 3497 2780 3592">
    <p class='ocr_par' dir='ltr' id='par_1_8' title="bbox 518 3497 2780 3592">
     <span class='ocr_line' id='line_1_22' title="bbox 518 3497 2780 3592; baseline 0.004 -29"><span class='ocrx_word' id='word_1_177' title='bbox 518 3500 569 3563; x_wconf 88' lang='lat' dir='ltr'><strong>si</strong></span> <span class='ocrx_word' id='word_1_178' title='bbox 644 3497 812 3585; x_wconf 93' lang='lat' dir='ltr'><strong>quod</strong></span> <span class='ocrx_word' id='word_1_179' title='bbox 856 3499 1189 3580; x_wconf 83' lang='lat' dir='ltr'><strong>exstiterit,</strong></span> <span class='ocrx_word' id='word_1_180' title='bbox 1256 3500 1333 3564; x_wconf 88' lang='lat' dir='ltr'><strong>de</strong></span> <span class='ocrx_word' id='word_1_181' title='bbox 1380 3501 1698 3567; x_wconf 82' lang='lat' dir='ltr'><strong>authentia</strong></span> <span class='ocrx_word' id='word_1_182' title='bbox 1753 3502 1968 3565; x_wconf 86' lang='lat' dir='ltr'><strong>harum</strong></span> <span class='ocrx_word' id='word_1_183' title='bbox 2030 3502 2412 3583; x_wconf 87' lang='lat' dir='ltr'><strong>tabularum,</strong></span> <span class='ocrx_word' id='word_1_184' title='bbox 2463 3512 2648 3592; x_wconf 87' lang='lat' dir='ltr'><strong>atque</strong></span> <span class='ocrx_word' id='word_1_185' title='bbox 2706 3515 2780 3572; x_wconf 91' lang='lat' dir='ltr'><strong>ut</strong></span> 
     </span>
    </p>
   </div>
   <div class='ocr_carea' id='block_1_6' title="bbox 529 3692 935 3703">
    <p class='ocr_par' dir='ltr' id='par_1_9' title="bbox 529 3692 935 3703">
     <span class='ocr_line' id='line_1_23' title="bbox 529 3692 935 3703; baseline 0 1560"><span class='ocrx_word' id='word_1_186' title='bbox 529 3692 935 3703; x_wconf 95' lang='lat' dir='ltr'><strong> </strong></span> 
     </span>
    </p>
   </div>
   <div class='ocr_carea' id='block_1_7' title="bbox 517 3832 2785 4497">
    <p class='ocr_par' dir='ltr' id='par_1_10' title="bbox 517 3832 2785 3987">
     <span class='ocr_line' id='line_1_24' title="bbox 664 3832 2785 3909; baseline 0.002 -24"><span class='ocrx_word' id='word_1_187' title='bbox 664 3834 696 3901; x_wconf 88' lang='lat'><strong>¹)</strong></span> <span class='ocrx_word' id='word_1_188' title='bbox 766 3832 887 3885; x_wconf 83' lang='lat' dir='ltr'><strong>Vide</strong></span> <span class='ocrx_word' id='word_1_189' title='bbox 937 3836 1029 3899; x_wconf 83' lang='lat' dir='ltr'><strong>leg.</strong></span> <span class='ocrx_word' id='word_1_190' title='bbox 1075 3839 1105 3884; x_wconf 87' lang='lat'><em>4</em></span> <span class='ocrx_word' id='word_1_191' title='bbox 1154 3837 1177 3896; x_wconf 96' lang='lat'>5</span> <span class='ocrx_word' id='word_1_192' title='bbox 1228 3836 1255 3883; x_wconf 83' lang='lat'>5</span> <span class='ocrx_word' id='word_1_193' title='bbox 1304 3836 1364 3889; x_wconf 89' lang='lat' dir='ltr'><strong>D.</strong></span> <span class='ocrx_word' id='word_1_194' title='bbox 1409 3838 1469 3885; x_wconf 83' lang='lat' dir='ltr'><strong>de</strong></span> <span class='ocrx_word' id='word_1_195' title='bbox 1519 3852 1626 3899; x_wconf 81' lang='lat' dir='ltr'><strong>app.</strong></span> <span class='ocrx_word' id='word_1_196' title='bbox 1679 3838 1724 3884; x_wconf 81' lang='lat' dir='ltr'><strong>et</strong></span> <span class='ocrx_word' id='word_1_197' title='bbox 1768 3836 1857 3886; x_wconf 81' lang='lat' dir='ltr'><strong>rel.</strong></span> <span class='ocrx_word' id='word_1_198' title='bbox 1910 3836 2064 3899; x_wconf 87' lang='grc'><strong>(49.1)</strong></span> <span class='ocrx_word' id='word_1_199' title='bbox 2112 3841 2159 3885; x_wconf 89' lang='lat' dir='ltr'><strong>et</strong></span> <span class='ocrx_word' id='word_1_200' title='bbox 2207 3836 2298 3901; x_wconf 79' lang='lat' dir='ltr'><strong>leg.</strong></span> <span class='ocrx_word' id='word_1_201' title='bbox 2349 3838 2407 3885; x_wconf 91' lang='lat'><strong>11</strong></span> <span class='ocrx_word' id='word_1_202' title='bbox 2459 3853 2529 3902; x_wconf 87' lang='lat' dir='ltr'><strong>pr.</strong></span> <span class='ocrx_word' id='word_1_203' title='bbox 2577 3839 2636 3887; x_wconf 81' lang='lat' dir='ltr'><strong>de</strong></span> <span class='ocrx_word' id='word_1_204' title='bbox 2681 3842 2785 3909; x_wconf 67' lang='lat' dir='ltr'><strong>dol,-</strong></span> 
     </span>
     <span class='ocr_line' id='line_1_25' title="bbox 517 3924 899 3987; baseline -0.003 -15"><span class='ocrx_word' id='word_1_205' title='bbox 517 3927 690 3987; x_wconf 71' lang='lat' dir='ltr'><strong>eaecept.</strong></span> <span class='ocrx_word' id='word_1_206' title='bbox 727 3924 899 3983; x_wconf 78' lang='grc'><strong>(44.4).</strong></span> 
     </span>
    </p>

    <p class='ocr_par' dir='ltr' id='par_1_11' title="bbox 520 4003 2781 4156">
     <span class='ocr_line' id='line_1_26' title="bbox 650 4003 2781 4123; baseline 0.004 -72.122"><span class='ocrx_word' id='word_1_207' title='bbox 650 4010 699 4073; x_wconf 65' lang='lat'><strong>2⁸,</strong></span> <span class='ocrx_word' id='word_1_208' title='bbox 770 4006 884 4055; x_wconf 80' lang='lat' dir='ltr'><strong>Vide</strong></span> <span class='ocrx_word' id='word_1_209' title='bbox 938 4006 1051 4123; x_wconf 56' lang='grc' dir='ltr'><strong>183.ο</strong></span> <span class='ocrx_word' id='word_1_210' title='bbox 1090 4006 1119 4054; x_wconf 85' lang='grc'><strong>6</strong></span> <span class='ocrx_word' id='word_1_211' title='bbox 1169 4006 1227 4053; x_wconf 88' lang='lat' dir='ltr'><strong>D.</strong></span> <span class='ocrx_word' id='word_1_212' title='bbox 1282 4007 1342 4054; x_wconf 80' lang='lat' dir='ltr'><strong>de</strong></span> <span class='ocrx_word' id='word_1_213' title='bbox 1386 4008 1604 4069; x_wconf 77' lang='lat' dir='ltr'><strong>sepulcro</strong></span> <span class='ocrx_word' id='word_1_214' title='bbox 1647 4006 1827 4055; x_wconf 82' lang='lat' dir='ltr'><strong>violato</strong></span> <span class='ocrx_word' id='word_1_215' title='bbox 1882 4003 1988 4068; x_wconf 79' lang='lat'><strong>(47.</strong></span> <span class='ocrx_word' id='word_1_216' title='bbox 2026 4006 2132 4067; x_wconf 79' lang='lat'>12);</span> <span class='ocrx_word' id='word_1_217' title='bbox 2191 4005 2250 4054; x_wconf 87' lang='lat' dir='ltr'><strong>de</strong></span> <span class='ocrx_word' id='word_1_218' title='bbox 2286 4005 2374 4055; x_wconf 83' lang='lat' dir='ltr'><strong>hac</strong></span> <span class='ocrx_word' id='word_1_219' title='bbox 2410 4008 2596 4056; x_wconf 82' lang='lat' dir='ltr'><strong>actione</strong></span> <span class='ocrx_word' id='word_1_220' title='bbox 2633 4010 2695 4059; x_wconf 83' lang='lat' dir='ltr'><strong>cf.</strong></span> <span class='ocrx_word' id='word_1_221' title='bbox 2731 4026 2781 4062; x_wconf 80' lang='lat' dir='ltr'><strong>v.</strong></span> 
     </span>
     <span class='ocr_line' id='line_1_27' title="bbox 520 4090 1319 4156; baseline -0.003 -15"><span class='ocrx_word' id='word_1_222' title='bbox 520 4105 769 4150; x_wconf 64' lang='lat' dir='ltr'><strong>saviam,</strong></span> <span class='ocrx_word' id='word_1_223' title='bbox 807 4090 1051 4156; x_wconf 68' lang='lat' dir='ltr'><strong>Syrtem‘)</strong></span> <span class='ocrx_word' id='word_1_224' title='bbox 1023 4118 1080 4150; x_wconf 53' lang='lat' dir='ltr'><strong>a,</strong></span> <span class='ocrx_word' id='word_1_225' title='bbox 1118 4107 1165 4152; x_wconf 87' lang='lat' dir='ltr'><strong>p.</strong></span> <span class='ocrx_word' id='word_1_226' title='bbox 1206 4092 1319 4141; x_wconf 80' lang='grc'><strong>124.</strong></span> 
     </span>
    </p>

    <p class='ocr_par' dir='ltr' id='par_1_12' title="bbox 659 4176 1683 4240">
     <span class='ocr_line' id='line_1_28' title="bbox 659 4176 1683 4240; baseline 0.002 -17.002"><span class='ocrx_word' id='word_1_227' title='bbox 659 4177 695 4237; x_wconf 75' lang='lat'><strong>³)</strong></span> <span class='ocrx_word' id='word_1_228' title='bbox 771 4176 887 4225; x_wconf 87' lang='lat' dir='ltr'><strong>Vide</strong></span> <span class='ocrx_word' id='word_1_229' title='bbox 924 4176 1016 4240; x_wconf 78' lang='lat' dir='ltr'><strong>leg.</strong></span> <span class='ocrx_word' id='word_1_230' title='bbox 1054 4179 1081 4226; x_wconf 89' lang='grc'><strong>3</strong></span> <span class='ocrx_word' id='word_1_231' title='bbox 1120 4179 1143 4238; x_wconf 96' lang='lat'>5</span> <span class='ocrx_word' id='word_1_232' title='bbox 1185 4178 1271 4234; x_wconf 82' lang='lat'><strong>12,</strong></span> <span class='ocrx_word' id='word_1_233' title='bbox 1311 4176 1369 4225; x_wconf 93' lang='lat' dir='ltr'><strong>D.</strong></span> <span class='ocrx_word' id='word_1_234' title='bbox 1406 4176 1556 4225; x_wconf 66' lang='lat' dir='ltr'><strong>eiu-ed.</strong></span> <span class='ocrx_word' id='word_1_235' title='bbox 1595 4178 1683 4225; x_wconf 70' lang='grc' dir='ltr'><strong>Ίῖί.</strong></span> 
     </span>
    </p>

    <p class='ocr_par' dir='ltr' id='par_1_13' title="bbox 517 4258 2783 4413">
     <span class='ocr_line' id='line_1_29' title="bbox 653 4258 2783 4325; baseline 0.002 -18"><span class='ocrx_word' id='word_1_236' title='bbox 653 4261 701 4323; x_wconf 76' lang='lat'><strong>4)</strong></span> <span class='ocrx_word' id='word_1_237' title='bbox 774 4259 889 4308; x_wconf 87' lang='lat' dir='ltr'><strong>Vide</strong></span> <span class='ocrx_word' id='word_1_238' title='bbox 925 4261 1015 4322; x_wconf 85' lang='lat' dir='ltr'><strong>leg.</strong></span> <span class='ocrx_word' id='word_1_239' title='bbox 1052 4262 1115 4307; x_wconf 83' lang='lat'><strong>45</strong></span> <span class='ocrx_word' id='word_1_240' title='bbox 1154 4261 1177 4320; x_wconf 97' lang='lat'>5</span> <span class='ocrx_word' id='word_1_241' title='bbox 1220 4262 1243 4308; x_wconf 86' lang='lat'>1</span> <span class='ocrx_word' id='word_1_242' title='bbox 1284 4260 1343 4309; x_wconf 91' lang='lat' dir='ltr'><strong>D.</strong></span> <span class='ocrx_word' id='word_1_243' title='bbox 1380 4261 1440 4309; x_wconf 83' lang='lat' dir='ltr'><strong>de</strong></span> <span class='ocrx_word' id='word_1_244' title='bbox 1469 4276 1663 4323; x_wconf 78' lang='lat' dir='ltr'><strong>procur.</strong></span> <span class='ocrx_word' id='word_1_245' title='bbox 1701 4260 1770 4325; x_wconf 78' lang='lat'><strong>(3.</strong></span> <span class='ocrx_word' id='word_1_246' title='bbox 1775 4260 1844 4319; x_wconf 85' lang='lat'><strong>3).</strong></span> <span class='ocrx_word' id='word_1_247' title='bbox 1879 4258 2082 4307; x_wconf 81' lang='lat' dir='ltr'><strong>addatur</strong></span> <span class='ocrx_word' id='word_1_248' title='bbox 2120 4274 2164 4307; x_wconf 83' lang='lat' dir='ltr'><strong>v.</strong></span> <span class='ocrx_word' id='word_1_249' title='bbox 2187 4272 2414 4318; x_wconf 66' lang='lat' dir='ltr'><strong>unum,</strong></span> <span class='ocrx_word' id='word_1_250' title='bbox 2458 4261 2783 4323; x_wconf 70' lang='lat' dir='ltr'><strong>Civilprocess.</strong></span> 
     </span>
     <span class='ocr_line' id='line_1_30' title="bbox 517 4345 887 4413; baseline -0.006 -19"><span class='ocrx_word' id='word_1_251' title='bbox 517 4362 564 4413; x_wconf 88' lang='lat' dir='ltr'><strong>p.</strong></span> <span class='ocrx_word' id='word_1_252' title='bbox 602 4346 732 4403; x_wconf 85' lang='lat'><strong>394,</strong></span> <span class='ocrx_word' id='word_1_253' title='bbox 772 4345 887 4394; x_wconf 81' lang='lat'><strong>395.</strong></span> 
     </span>
    </p>

    <p class='ocr_par' dir='ltr' id='par_1_14' title="bbox 654 4426 2143 4497">
     <span class='ocr_line' id='line_1_31' title="bbox 654 4426 2143 4497; baseline -0.003 -19"><span class='ocrx_word' id='word_1_254' title='bbox 654 4429 691 4497; x_wconf 79' lang='lat'><strong>⁵)</strong></span> <span class='ocrx_word' id='word_1_255' title='bbox 766 4429 881 4478; x_wconf 88' lang='lat' dir='ltr'><strong>Vide</strong></span> <span class='ocrx_word' id='word_1_256' title='bbox 917 4429 1010 4494; x_wconf 82' lang='lat' dir='ltr'><strong>leg.</strong></span> <span class='ocrx_word' id='word_1_257' title='bbox 1048 4430 1112 4478; x_wconf 82' lang='lat'><strong>42</strong></span> <span class='ocrx_word' id='word_1_258' title='bbox 1150 4444 1225 4493; x_wconf 85' lang='lat' dir='ltr'><strong>pr.</strong></span> <span class='ocrx_word' id='word_1_259' title='bbox 1262 4431 1310 4478; x_wconf 91' lang='lat' dir='ltr'><strong>et</strong></span> <span class='ocrx_word' id='word_1_260' title='bbox 1345 4430 1437 4484; x_wconf 85' lang='lat'><strong>45,</strong></span> <span class='ocrx_word' id='word_1_261' title='bbox 1473 4429 1604 4479; x_wconf 84' lang='lat' dir='ltr'><strong>laud.</strong></span> <span class='ocrx_word' id='word_1_262' title='bbox 1647 4429 1702 4478; x_wconf 88' lang='lat' dir='ltr'><strong>D.</strong></span> <span class='ocrx_word' id='word_1_263' title='bbox 1741 4429 1801 4477; x_wconf 80' lang='lat' dir='ltr'><strong>de</strong></span> <span class='ocrx_word' id='word_1_264' title='bbox 1827 4443 1967 4490; x_wconf 81' lang='lat' dir='ltr'><strong>proc.</strong></span> <span class='ocrx_word' id='word_1_265' title='bbox 2006 4426 2072 4490; x_wconf 90' lang='lat'><strong>(3.</strong></span> <span class='ocrx_word' id='word_1_266' title='bbox 2077 4428 2143 4489; x_wconf 87' lang='grc'><strong>3).</strong></span> 
     </span>
    </p>
   </div>
  </div>
 </body>
</html>
