3027 5263
1615 581 1696 642 56

539 783 742 868 Caput
816 783 900 843 21
985 776 1138 863 legis
1213 775 1617 862 Salpensanae
1669 772 1950 858 supplet,
2004 772 2342 836 secundum
2404 771 2514 836 illa
2576 771 2798 838 locum

542 931 823 976 mancum
891 927 1063 985 Gan,
1139 905 1315 970 cuins
1387 902 1582 967 obiter
1630 901 1999 965 mentionem
2047 900 2162 964 feci
2212 900 2299 964 ita
2346 899 2797 965 restituerunt:

545 1035 732 1115 „Alia
781 1055 958 1098 causa
1007 1037 1095 1096 est
1151 1051 1356 1096 eorum
1408 1029 1517 1114 qui
1580 1027 1745 1092 Latii
1786 1027 1923 1111 jure
1972 1049 2109 1092 cum
2159 1026 2365 1091 liberis
2410 1028 2538 1091 suis
2584 1028 2667 1092 ad
2717 1028 2806 1091 ci-

547 1163 796 1226 vitatem
869 1161 1205 1224 Romanam
1271 1154 1667 1242 perveniunt,
1718 1177 1858 1218 nam
1909 1154 2127 1219 horum
2173 1154 2239 1218 in
2286 1159 2587 1240 potestate
2636 1156 2802 1219 fiunt

547 1289 762 1367 liberi,
822 1287 988 1372 quod
1030 1287 1129 1371 jus
1192 1283 1556 1370 quibusdam
1606 1283 1939 1367 peregrinis
1989 1282 2243 1347 concedi
2291 1281 2444 1346 solet
2492 1283 2806 1369 principa-

546 1418 709 1482 libus
774 1411 1349 1491 constitutionibus,
1419 1410 1561 1475 dato
1634 1410 1860 1474 scilicet
1927 1410 2146 1494 majore
2210 1409 2427 1488 Latio,
2494 1432 2637 1474 nam
2689 1417 2802 1474 aut

549 1546 742 1612 maius
803 1550 895 1608 est
957 1542 1206 1607 Latium
1273 1545 1377 1604 aut
1449 1539 1690 1617 minus;
1768 1538 1963 1602 maius
2019 1537 2266 1602 Latium
2342 1543 2433 1600 est
2483 1559 2617 1602 cum
2670 1560 2801 1602 non

548 1673 617 1737 hi
665 1677 904 1735 tantum
953 1669 1062 1753 qui
1109 1667 1203 1731 vel
1255 1666 1670 1750 magistratum
1719 1664 1815 1729 vel
1865 1664 2157 1729 honorem
2206 1670 2425 1749 gerunt
2473 1664 2579 1728 sed
2617 1664 2803 1729 liberi

552 1805 614 1864 et
685 1801 961 1882 parentes
1028 1799 1087 1857 et
1154 1815 1372 1857 uxores
1444 1792 1627 1856 etiam
1694 1813 1901 1856 eorum
1960 1791 2065 1876 qui
2112 1791 2531 1876 magistratum
2581 1800 2807 1877 gerunt

555 1924 860 1988 civitatem
907 1921 1240 1985 Romanam
1309 1925 1765 2003 consequuntur
1781 1946 1799 1998 ;
1854 1919 2057 1984 minus
2104 1918 2355 1983 Latium
2405 1923 2495 1982 est
2545 1942 2687 1985 cum
2735 1920 2805 1984 hi

554 2057 795 2116 tantum
847 2049 954 2134 qui
1003 2048 1094 2112 vel
1152 2047 1573 2133 magistratum
1629 2046 1720 2110 vel
1769 2048 2055 2110 honorem
2104 2053 2321 2132 gerunt
2370 2047 2446 2112 ad
2496 2047 2805 2112 civitatem

557 2180 893 2243 Romanam
963 2176 1327 2260 perveniunt
1342 2199 1360 2252 ς
1433 2172 1620 2258 idque
1668 2171 2085 2258 compluribus
2133 2171 2404 2259 epistolis
2451 2173 2809 2259 principum

557 2301 974 2393 significatu1·”
1013 2303 1078 2387 ¹).

749 2431 1049 2512 Quamvis
1095 2429 1276 2493 huius
1323 2427 1442 2492 loci
1489 2449 1614 2492 non
1664 2427 1744 2492 sit
1769 2427 1899 2492 fuse
1932 2427 2007 2492 de
2032 2427 2150 2492 hoc
2176 2448 2314 2492 Gau
2335 2427 2470 2492 loco
2497 2428 2813 2515 disputare

564 2557 1012 2623 restitutionem
1061 2556 1136 2620 ab
1184 2554 1257 2618 iis
1283 2554 1500 2618 factam
1537 2555 1751 2631 citavi,
1790 2561 1859 2618 ut
1894 2561 2205 2641 appareret
2231 2555 2615 2642 privilegium
2642 2557 2810 2642 quod

561 2694 656 2752 est
703 2686 767 2749 in
817 2684 1032 2768 Capite
1081 2685 1165 2748 21
1221 2682 1371 2767 legis
1402 2682 1569 2768 Salp.
1597 2683 1792 2747 videri
1817 2683 1897 2746 iis
1926 2682 2205 2747 effectum
2239 2683 2394 2767 juris
2419 2682 2605 2746 Latii.
2631 2683 2813 2749 Licet

567 2818 772 2877 autem
825 2831 1023 2874 veram
1075 2831 1198 2873 esse
1248 2814 1492 2895 putem,
1539 2816 1609 2873 ut
1636 2809 1831 2875 obiter
1854 2810 2578 2888 addam,restitutionem
2603 2810 2806 2890 illam,

568 2961 692 3005 non
743 2936 1033 3001 assentior
1079 2936 1154 2999 iis
1201 2956 1634 3000 VESPASIANUM
1700 2936 1897 3000 edicto
1944 2936 2137 2999 maius
2200 2936 2443 3001 Latium
2493 2938 2809 3002 universae

568 3066 902 3153 Hispaniae
952 3070 1010 3129 et
1060 3064 1410 3148 municipiis
1444 3085 1687 3148 quoque
1719 3063 1941 3127 nostris
1989 3062 2293 3128 tribuisse.
2396 3063 2614 3128 Habeo
2650 3066 2808 3129 enim

569 3214 724 3278 quae
771 3193 918 3255 huic
964 3191 1344 3275 conjecturae
1394 3212 1717 3275 opponam.
1818 3190 1886 3253 Si
1935 3214 1969 3253 a
2016 3210 2393 3255 VESPASIANO
2443 3191 2642 3257 edicto
2690 3192 2813 3255 Sal-

572 3340 793 3405 pensae
821 3324 880 3380 et
913 3316 1184 3380 Malacae
1209 3318 1310 3401 jus
1343 3317 1508 3380 Latii
1541 3318 1771 3395 maiuS,
1809 3317 1972 3402 quod
2008 3317 2521 3402 complectebatur
2539 3318 2638 3402 jus
2666 3320 2815 3383 civi-

575 3445 720 3510 tatis
769 3443 1223 3527 consequendae
1265 3443 1619 3528 parentibus
1637 3493 1656 3523 ‚
1698 3443 1903 3521 uxori,
1944 3443 2152 3507 liberis
2209 3444 2542 3523 tributum,
2594 3447 2811 3531 magis·

575 3580 740 3638 tratu
773 3578 943 3659 gesto
991 3570 1066 3635 ab
1114 3571 1388 3654 ipsorum
1436 3570 1597 3647 filio,
1655 3571 1870 3635 marito
1897 3570 1989 3635 vel
2016 3578 2218 3656 patre,
2243 3594 2592 3636 concessum
2619 3580 2811 3653 esset,

578 3699 841 3786 intelligi
887 3720 1010 3763 non
1045 3703 1285 3781 posset,
1336 3719 1457 3781 qua
1505 3720 1569 3760 re
1618 3696 1817 3760 edicto
1865 3716 2203 3761 n0M1‘r1AN1
2251 3703 2312 3761 et
2334 3696 2469 3783 lege
2494 3696 2567 3762 ab
2594 3721 2665 3763 eo
2696 3699 2818 3778 lata

581 3827 742 3891 idem
794 3826 956 3911 quod
995 3826 1132 3909 jure
1181 3824 1351 3889 Latii
1393 3825 1521 3908 jam
1570 3822 1876 3888 habebant
1924 3831 2163 3888 nostrae
2211 3824 2426 3903 urbeS,
2476 3824 2697 3890 iterum
2743 3828 2821 3892 iis

587 3954 798 4017 datum
846 3950 1094 4027 fuisset;
1141 3959 1450 4036 praeterea
1499 3952 1552 4014 si
1598 3950 1923 4036 privilegia
1962 3950 2068 4015 illa
2102 3974 2137 4015 a
2168 3971 2524 4016 nomnium
2551 3974 2828 4019 concessa

583 4080 780 4145 maius
853 4078 1101 4143 Latium
1177 4079 1634 4144 constituissent
1701 4085 1761 4142 et
1832 4077 1942 4142 illo
1991 4078 2241 4144 nomine
2286 4085 2437 4143 tunc
2486 4087 2697 4144 vocata
2734 4080 2824 4146 fu-

729 4391 768 4455 ¹)
842 4390 947 4440 vid.
983 4404 1216 4440 nunoarr
1263 4392 1312 4439 in
1349 4392 1485 4455 Disp.
1526 4393 1645 4442 Crit.
1694 4409 1740 4456 p.
1780 4393 1859 4443 20.
1931 4393 2111 4441 Eodem
2156 4393 2299 4442 modo
2348 4393 2473 4456 jam,
2522 4394 2689 4456 paucis
2722 4411 2824 4445 mu·

582 4475 718 4533 tatis,
759 4475 916 4525 locum
954 4464 1064 4524 min
1100 4477 1373 4525 restituerat
1411 4490 1665 4525 inormem<
1702 4477 1751 4525 in
1789 4478 1971 4541 Opere:
2010 4478 2185 4527 Studet.
2225 4494 2272 4541 p.
2312 4477 2406 4526 405
2447 4479 2547 4527 not.
2584 4478 2667 4529 40.
