3027 5263
1303 561 1430 623 159

244 754 478 839 privata
542 776 833 838 persona3
912 759 1072 817 recte
1139 772 1391 817 mvffla:
1469 753 1641 831 „Der
1688 752 1969 831 Fiscus‚”
2028 753 2147 831 ait,
2216 755 2339 834 „ist
2386 756 2493 821 der

240 882 462 947 Kaiser
533 879 620 945 als
699 880 1130 949 okonomische
1203 880 1766 965 Personlichkeit5''
1811 880 1849 965 ¹)
1932 882 2097 965 quod
2174 884 2495 969 perspicue

240 1010 534 1095 probatur
581 1008 1017 1073 constitutione
1042 1009 1434 1094 Imperatoris
1462 1029 1707 1072 NERVAE
1734 1031 1923 1094 quum
1950 1016 2290 1094 praetorem
2326 1012 2495 1077 insti-

245 1137 368 1201 tuit
417 1137 524 1221 qui
564 1137 664 1222 jus
714 1136 940 1201 diceret
990 1136 1146 1201 inter
1195 1138 1405 1201 fiscum
1445 1143 1506 1201 et
1558 1136 1818 1219 privatos
1834 1136 1944 1222 ;,²)
1996 1112 2294 1203 aerarium
2330 1139 2491 1205 enim
2586 1167 2589 1169 ’

246 1263 564 1351 publicum
612 1264 706 1327 ius
753 1286 932 1327 suum
984 1264 1454 1349 persequebatur
1509 1265 1729 1349 ipsum.

305 1375 307 1379 ¹
441 1390 596 1454 Satis
623 1390 930 1475 probat-am
957 1397 1110 1475 puto
1138 1390 1496 1455 sententiam
1519 1414 1697 1476 supra
1716 1391 2107 1476 propositam,
2129 1393 2500 1479 reipublicae

253 1523 497 1581 tantum
545 1516 866 1601 praedibus
917 1518 1110 1582 caveri
1129 1543 1147 1595 3
1201 1518 1314 1581 hoc
1347 1540 1539 1582 unum
1576 1518 1791 1583 addere
1826 1519 1991 1582 iuvat
2024 1518 2497 1605 obligationibus

252 1668 410 1732 quae
481 1646 639 1709 inter
709 1646 974 1729 privatos
1039 1646 1472 1709 contrahantur
1545 1668 1779 1731 semper
1828 1646 2207 1731 fidejussores
2251 1648 2503 1735 fidepro·

252 1775 536 1837 missores
585 1780 642 1837 et
693 1795 1048 1857 sponsore-S,
1105 1774 1208 1858 qui
1247 1796 1366 1837 uno
1406 1772 1651 1837 nomine
1696 1775 2161 1859 appromissores
2198 1775 2503 1863 appellen-

255 1908 398 1979 tur,
450 1900 720 1965 adhiberi
765 1901 834 1985 ³).

446 2020 665 2103 Itaque
712 2026 929 2083 natura
980 2020 1276 2084 cautionis
1325 2019 1651 2105 praedibus
1699 2020 2086 2113 praed-iisque
2148 2032 2502 2121 perspecta,

255 2146 610 2213 accedamus
660 2147 734 2211 ad
785 2146 1220 2233 obligationem
1278 2170 1485 2211 eorum
1538 2148 1997 2213 examinandam
2056 2150 2161 2233 qui
2212 2158 2500 2237 tanquam

257 2274 512 2361 praedes
567 2297 674 2360 pro
725 2274 980 2339 aliorum
1032 2274 1507 2361 obligationibus
1556 2297 1681 2339 sese
1732 2274 2133 2361 obstringant.

468 2783 505 2858 §
557 2782 615 2844 2.
697 2782 782 2841 De
823 2780 1192 2860 obligatione
1244 2781 1486 2859 praedis
1537 2783 1785 2860 ejusque
1822 2781 1917 2842 rei
1954 2782 2299 2850 familiaris·

456 3041 704 3106 Praedis
739 3040 1034 3126 obligatio
1071 3048 1196 3105 erat
1244 3041 1611 3118 accessoria,
1648 3042 1996 3128 principalis
2032 3045 2189 3108 enim
2228 3051 2353 3110 erat
2388 3047 2515 3110 eius

262 3169 374 3256 qui
427 3191 565 3234 cum
611 3169 926 3254 republica
976 3169 1368 3233 contrahebat
1421 3171 1544 3234 sive
1591 3171 1971 3258 magistratus
2030 3173 2134 3256 qui
2192 3176 2513 3260 pecuniam

266 3297 575 3382 publicam
597 3297 800 3360 dolose
823 3297 912 3360 vel
931 3297 1309 3382 negligenter
1325 3303 1715 3376 tractaverat.;
1754 3299 1938 3382 quod,
1970 3321 2107 3363 cum
2134 3301 2275 3366 satis
2302 3310 2511 3368 notum

268 3425 578 3502 videatur,
628 3447 704 3488 ne
754 3424 1080 3509 attigissem
1133 3424 1416 3509 quidem,
1470 3427 1591 3490 nisi
1654 3446 1962 3490 MoMMsaN
1998 3427 2044 3511 4)
2104 3431 2528 3523 contendisset,

267 3551 559 3640 praedum
597 3551 842 3616 datione
890 3553 1092 3637 ipsum
1147 3553 1479 3637 mancipem
1532 3551 1805 3630 liberari,
1861 3577 1999 3618 eum
2048 3557 2371 3640 praedibus
2415 3560 2519 3624 da·

268 3683 354 3746 tis
406 3703 528 3744 non
580 3681 840 3764 amplius
901 3680 1236 3766 obligatum
1295 3681 1496 3745 fuisse.
1583 3682 1745 3746 Haec
1802 3688 2003 3746 autem
2040 3685 2244 3768 opinio
2277 3711 2517 3772 prorsus

271 3814 509 3895 pugnat
535 3829 671 3872 cum
705 3816 922 3872 natura
949 3809 1145 3872 omnis
1179 3809 1625 3873 intercessionis
1662 3831 1767 3894 pro
1794 3809 1999 3875 debito
2026 3809 2218 3876 alieno
2233 3841 2251 3893 3
2293 3817 2519 3887 etenim

272 3956 459 4002 GAIUS
525 3935 698 4000 docet
763 3937 960 4000 eadem
1025 3936 1375 4017 obliffatione
1439 3936 1631 4002 teneri
1706 3939 1813 4024 qui
1876 3939 2251 4026 accipiantur
2316 3943 2393 4007 ab
2448 3967 2519 4010 eo

423 4145 458 4208 ¹)
527 4143 648 4194 Vide
689 4146 817 4208 Opus
851 4146 982 4195 laud.
1022 4162 1066 4210 p.
1107 4147 1187 4195 86.

418 4231 458 4292 2)
526 4229 644 4278 Vide
682 4231 772 4294 leg.
813 4233 841 4280 2
879 4234 900 4291 §
938 4231 1000 4280 :32
1043 4233 1099 4280 D.
1133 4232 1190 4280 cle
1232 4231 1424 4296 Oriyine
1457 4233 1591 4282 Juris
1626 4233 1760 4294 (1.2).

424 4314 462 4377 3)
538 4315 650 4363 vide
689 4317 776 4378 leg.
817 4317 877 4364 43
917 4317 977 4365 D.
1013 4319 1071 4365 de
1104 4319 1243 4369 solut.
1281 4322 1328 4364 ec
1361 4318 1495 4366 liber.
1536 4319 1689 4380 (46.3)
1727 4319 1786 4367 cf.
1826 4333 1989 4368 emm
2026 4323 2147 4370 Insl.
2174 4321 2276 4370 Lib.
2318 4323 2343 4370 3
2374 4325 2393 4384 §
2428 4324 2518 4372 115

274 4420 362 4470 sqq
414 4485 456 4551 ⁴)
526 4485 582 4534 In
621 4485 800 4552 Operez
837 4487 1136 4537 Stadtrechle
1172 4503 1220 4553 p.
1255 4486 1379 4550 471,
1423 4493 1521 4540 not.
1559 4490 1726 4552 41,42.
