3027 5263
1553 525 1599 570 X.

1241 699 1272 774 5
1309 696 1365 761 3.
1447 697 1535 760 De
1574 696 1908 762 Aedilibus.

644 895 738 960 De
787 892 1204 960 iurisdictione
1252 915 1482 958 eorum.
1552 895 1643 959 De
1694 894 1921 960 multae
1970 896 2258 962 dictione.
2310 899 2501 965 Nulla
2534 925 2697 988 pror-

455 1049 554 1090 sus
617 1047 828 1089 eorum
894 1045 1027 1110 pars
1094 1029 1182 1086 est
1246 1021 1307 1086 in
1359 1023 1653 1108 pecuniae
1720 1023 1997 1108 publicae
2047 1025 2583 1095 administratione.
2631 1055 2692 1118 p.

467 1154 849 1218 1421—143.

1178 1338 1208 1413 5
1246 1337 1304 1400 4.
1386 1336 1475 1408 De,
1517 1335 1963 1401 Quaestoribus.

641 1541 971 1608 Pecuniam
1022 1538 1326 1626 publicam
1377 1547 1660 1604 tractant.
1759 1540 2053 1605 Referunt
2100 1541 2165 1606 in
2207 1541 2447 1609 tabulas
2496 1546 2693 1633 publi·

453 1694 570 1736 cas,
670 1669 900 1734 Eadem
947 1666 1149 1732 officia
1213 1665 1649 1731 incumbebant
1698 1667 2002 1750 quaestori
2052 1667 2283 1734 urbano
2333 1671 2577 1738 Romae.
2628 1700 2687 1763 p.

459 1801 850 1865 143—145.

1176 1980 1207 2056 5
1245 1977 1300 2042 5.
1383 1978 1472 2040 De
1509 1977 1962 2043 Inter-cessione.

640 2183 733 2246 De
781 2179 1205 2246 intercessione
1253 2181 1415 2266 paris
1462 2187 1525 2244 et
1573 2182 1815 2245 maioris
1866 2183 2269 2268 magistratus,
2346 2185 2437 2250 De
2490 2188 2693 2274 appel-

447 2312 694 2377 latione.
795 2311 886 2374 De
952 2318 1221 2395 tempore
1287 2309 1704 2375 intercessioni
1786 2317 1847 2375 et
1916 2311 1990 2376 de
2056 2312 2232 2377 modo
2296 2315 2689 2402 appellationi

448 2439 837 2528 praescripta
887 2461 950 2525 p.
1009 2440 1401 2503 145—149.

523 2662 554 2739 5
591 2661 649 2725 6.
731 2661 818 2724 De
854 2659 1090 2723 ratione
1129 2676 1252 2739 qua
1288 2658 1688 2739 magistratus
1726 2660 2038 2723 conveniri
2076 2667 2327 2741 possunt
2365 2663 2593 2729 honore

1428 2792 1719 2871 deposito.

633 2993 727 3058 De
765 2994 1154 3059 accusatione
1187 2995 1649 3080 magistratuum
1685 2996 2095 3061 Romanorum
2130 2996 2359 3062 honore
2392 2997 2687 3085 deposito.

445 3122 615 3189 Num
681 3120 954 3185 Malacae
1017 3130 1078 3186 et
1126 3120 1452 3207 Salpensae
1503 3122 1895 3209 magistratus
1960 3122 2156 3208 capite
2206 3128 2475 3190 accusari
2524 3136 2691 3213 pote·

445 3221 632 3314 rant?
719 3246 889 3313 Num
939 3247 1102 3312 civili
1149 3270 1394 3333 quoque
1443 3249 1574 3335 lege
1646 3248 1953 3313 conveniri
2004 3249 2331 3334 poterant?
2432 3254 2523 3319 De
2572 3278 2692 3319 ma·

443 3378 803 3465 gistratuum
853 3374 993 3441 dolo
1043 3382 1101 3441 et
1151 3375 1346 3462 culpa.
1400 3399 1460 3463 p.
1517 3378 1907 3441 149—153.

1355 3633 1635 3700 CAPUT
1686 3632 1796 3699 IV.

888 3848 977 3899 DE
1011 3848 1350 3899 emmona
1385 3846 1761 3898 PRAEDIBUS
1797 3844 2263 3913 PRAEDIISQUE.

569 4086 600 4163 5
637 4087 686 4148 1.
766 4087 855 4149 De
890 4088 1136 4149 Natura
1175 4085 1474 4150 cautionis
1511 4084 1841 4165 praedibus
1879 4084 2265 4165 praediisque
2303 4086 2554 4167 eiusque

1433 4217 1712 4282 historia.

633 4416 966 4483 Praedibus
1015 4417 1398 4505 praediisque
1448 4417 1818 4505 reipublicae
1863 4423 2127 4485 cavetur.
2179 4417 2476 4507 Exceptio
2525 4443 2693 4509 prae-
