3027 5263
1292 602 1416 664 127

211 826 393 883 rum3
468 802 634 868 omni
707 800 974 883 denique
1022 818 1138 884 ope
1204 798 1356 863 eniti
1420 804 1491 862 ut
1539 798 1738 883 ipsam
1783 798 1995 863 urbem
2048 800 2222 863 cuius
2280 808 2476 866 essent

215 932 466 1020 patroni
537 934 824 995 ornarent
855 929 925 1013 ¹).
999 928 1330 1012 Propterea
1401 926 1741 1011 municipes
1795 926 2150 1012 plerumque
2198 929 2477 1014 gravissi-

212 1083 354 1126 mos
427 1060 624 1137 viros,
700 1062 1036 1133 senatores,
1117 1076 1290 1120 eosve
1363 1056 1471 1140 qui
1544 1055 1898 1141 magistratu
1970 1055 2201 1121 Romae
2272 1057 2472 1123 functi

213 1193 392 1253 erant
464 1187 682 1272 eligere
749 1184 1026 1250 solebant
1050 1182 1120 1264 ²).
1181 1182 1482 1247 Naturam
1559 1182 1729 1247 illam
1800 1189 1861 1248 et
1925 1183 2048 1248 vim
2111 1191 2471 1269 patronatus

211 1323 490 1402 tempore
540 1316 810 1401 priorum
861 1312 1188 1377 Caesarum
1238 1333 1362 1375 non
1412 1311 1675 1376 mutavit
1720 1333 1917 1396 neque
1964 1335 1999 1376 a
2050 1319 2246 1379 vetere
2294 1316 2472 1382 insti-

212 1450 358 1509 tuto
418 1444 543 1528 jam
599 1442 686 1506 ita
739 1440 1204 1525 degeneraverat
1250 1438 1353 1502 illo
1401 1443 1703 1523 tempore,
1751 1445 1822 1503 ut
1869 1461 1980 1524 pro
2027 1462 2192 1506 mero
2241 1443 2469 1511 honore

210 1571 540 1636 haberetur
565 1570 638 1655 ³).
735 1567 952 1632 Simile
1017 1566 1464 1652 quodammodo
1515 1571 1642 1631 erat
1688 1566 2043 1633 institutum
2091 1570 2465 1639 defensionis

212 1697 486 1764 civitatis
501 1721 522 1775 3
599 1718 673 1760 ex
742 1700 1104 1781 patronatu,
1176 1699 1248 1757 ut
1310 1693 1587 1771 videtur,
1666 1715 1791 1757 sese
1857 1695 2184 1780 explicuit,
2252 1699 2468 1767 deinde

211 1848 363 1892 eum
427 1824 662 1909 excepit
687 1822 736 1908 4)
757 1870 774 1900 ,
838 1821 1002 1886 unde
1051 1821 1390 1885 defensores
1437 1841 1879 1905 nonnunquam
1930 1830 2216 1907 patronos
2264 1828 2467 1912 appel-

209 1954 376 2019 latos
421 1974 556 2017 esse
610 1956 826 2015 notum
877 1955 966 2013 est
991 1949 1064 2033 ³).
1147 1947 1400 2013 Patroni
1471 1948 1536 2011 in
1585 1947 1718 2032 lege
1767 1947 2137 2015 Malacitana
2186 1960 2468 2038 cooptan-

207 2088 316 2146 tur
383 2104 418 2146 a
477 2080 715 2157 IIviro,
784 2100 862 2142 ne
927 2083 1132 2140 tamen
1198 2074 1336 2161 quis
1396 2080 1575 2161 putet
1623 2097 1831 2140 omnes
1878 2078 2129 2142 omnino
2177 2087 2466 2164 patronos

210 2210 395 2291 eliqi,
473 2206 819 2272 addendum
876 2210 968 2268 est
1024 2208 1413 2289 patronatum
1481 2203 1837 2288 plerumque
1887 2205 1963 2268 ad
2012 2206 2259 2271 heredes
2304 2214 2467 2273 tran-

211 2338 376 2416 sire,
452 2335 615 2400 unde
686 2334 987 2418 integram
1058 2337 1301 2417 gentem
1375 2329 1485 2395 illo
1559 2332 1785 2396 honore
1860 2332 2021 2396 affici
2073 2334 2347 2400 videmus
2405 2343 2466 2401 et

207 2487 436 2553 pueros
516 2485 756 2547 quoque
820 2462 1058 2546 saepius
1121 2466 1406 2545 patronos
1455 2460 1660 2524 vocari
1690 2461 1777 2544 6);
1831 2460 2213 2546 eligebantur
2262 2472 2464 2531 tamen

205 2591 542 2681 permulti,
591 2596 740 2678 puta
790 2590 898 2676 qui
945 2588 1209 2655 colonias
1259 2588 1635 2654 deduxerant
1682 2588 1866 2676 vulgo
1916 2592 2157 2675 patroni
2185 2592 2466 2660 coloniae

360 2903 395 2964 1)
466 2903 586 2951 vide
620 2914 843 2952 rumim
877 2901 1077 2964 Epistol.
1113 2900 1216 2949 Lib.
1253 2902 1301 2958 4,
1340 2901 1432 2963 Ep.
1469 2901 1517 2948 1.
1556 2899 1615 2948 cf.
1654 2912 1895 2951 cremnon.
1920 2901 1971 2948 in
1996 2901 2211 2950 Pisonem
2236 2904 2355 2968 Cap.
2386 2906 2462 2955 11.

356 2989 396 3048 2)
464 2988 584 3037 Vide
619 2987 782 3050 album
831 2985 1124 3035 canusinum
1162 2986 1220 3034 de
1257 3000 1351 3049 quo
1387 2985 1446 3034 cf.
1483 2997 1651 3034 zum’r
1684 2986 1735 3032 in
1778 2985 2023 3035 Comment.
2056 2988 2313 3051 Epiyraph.
2339 2992 2387 3047 Ι,
2417 3007 2466 3056 p.

207 3077 342 3133 123,
380 3077 428 3123 et
463 3085 1003 3133 nonnunquam
1037 3072 1088 3120 in
1131 3070 1215 3132 Op.
1254 3072 1288 3119 l.
1327 3069 1425 3120 3.1.
1449 3086 1496 3134 p.
1526 3068 1641 3120 370.
1670 3070 1901 3134 Exempla
1926 3075 2171 3134 praeterea
2194 3074 2463 3124 abundant:

202 3174 393 3212 cronno
429 3162 534 3208 erat
566 3161 797 3222 patronus
834 3158 1022 3221 Capuae
1057 3156 1183 3215 (vide
1219 3172 1326 3205 eum
1362 3157 1413 3204 in
1455 3155 1537 3204 Or.
1568 3171 1661 3218 pro
1694 3156 1850 3205 Sextio
1885 3155 2003 3220 Cap.
2027 3157 2101 3217 4.)
2127 3157 2187 3207 cf.
2213 3163 2462 3223 praeterea

204 3245 440 3307 Inscript.
474 3255 659 3291 onum
693 3257 772 3290 no.
811 3241 936 3300 491,
978 3241 1104 3300 156,
1144 3240 1270 3301 784,
1313 3239 1460 3291 1079.

351 3328 390 3391 ³)
462 3327 600 3376 Hanc
638 3328 922 3376 sententiam
961 3326 1162 3392 professi
1197 3329 1309 3375 sunt
1347 3339 1602 3375 nrucxsux
1642 3326 1735 3375 Cin.
1774 3327 2107 3392 Abhandlunq.
2142 3345 2190 3393 p.
2217 3330 2280 3377 62
2307 3332 2356 3379 et
2380 3344 2463 3378 ΒΑ.

201 3427 370 3465 wem
406 3415 458 3462 in
494 3414 673 3477 Opere:
735 3412 900 3462 aesca.
934 3413 1017 3460 des
1052 3412 1185 3462 Rb'm.
1225 3413 1394 3460 Rechts
1428 3414 1491 3461 im
1530 3413 1816 3461 Mittelalter
1849 3411 1900 3470 1,
1942 3429 1989 3476 p.
2029 3413 2125 3470 923
2171 3416 2464 3465 contrarium

202 3499 462 3550 contendit
509 3509 738 3547 rmum
785 3497 834 3546 in
871 3498 1062 3561 egregia
1099 3497 1500 3546 commentatione
1547 3513 1690 3561 quam
1728 3497 1920 3562 scripsit
1955 3497 2011 3546 de
2034 3498 2124 3547 hoc
2143 3504 2461 3564 argumento,

202 3587 312 3634 vide
351 3584 519 3632 Mein.
546 3583 759 3632 Muscam
799 3584 846 3632 8.
883 3598 930 3646 p.
971 3583 1095 3642 500,
1123 3583 1245 3638 502,
1280 3585 1394 3632 503.
1423 3585 1637 3647 Apparet
1662 3586 1893 3646 quantum
1917 3586 2129 3632 mutatus
2150 3587 2277 3632 esset
2303 3589 2465 3649 patro·

203 3674 348 3719 natus
384 3685 414 3716 a
449 3671 608 3717 vetere
642 3667 863 3715 instituto
880 3704 893 3724 ,
930 3683 1075 3731 quum
1097 3668 1188 3731 ipsi
1215 3667 1453 3731 praesides
1479 3671 1705 3730 cogerent
1730 3667 1994 3731 municipes
2019 3667 2108 3716 sibi
2136 3668 2462 3731 patrocinium

203 3756 421 3812 deferre3
475 3753 584 3801 vide
637 3753 728 3816 leg.
783 3754 831 3801 4.
883 3753 912 3800 6
962 3752 1081 3801 cod.
1119 3753 1299 3802 Theod.
1337 3753 1396 3801 de
1421 3757 1609 3814 patroc.
1645 3752 1735 3802 vic.
1771 3753 1875 3802 Imo
1909 3755 2125 3816 tempore
2162 3765 2381 3801 uoxomt
2416 3759 2464 3802 et

199 3853 419 3890 AncADu
460 3853 631 3887 nomen
682 3838 841 3902 ipsum
897 3841 1210 3901 patronorum
1246 3853 1443 3902 prorsus
1480 3837 1795 3886 obsoleverat.
1869 3837 1986 3885 Vide
2022 3837 2113 3900 leg.
2170 3838 2199 3886 6
2242 3853 2316 3902 pr.
2345 3838 2461 3888 eod.

198 3926 387 3976 Theod.
427 3923 569 3973 modo
608 3921 739 3973 laud.

339 4009 384 4071 4)
458 4007 575 4056 Vide
626 4019 853 4057 rmmrrr
904 4007 956 4054 in
1013 4008 1259 4056 Commeat.
1312 4007 1443 4056 laud.
1480 4023 1529 4072 p.
1571 4008 1697 4064 521,
1736 4007 1850 4056 522.
1921 4007 2182 4070 Per-peram
2218 4023 2369 4072 nuper
2404 4009 2462 4058 de

198 4095 289 4144 hac
327 4107 476 4143 causa
511 4091 752 4155 disputare
790 4090 976 4139 videtur
1011 4105 1153 4140 mma
1189 4091 1238 4139 in
1281 4094 1365 4152 Op.
1401 4093 1531 4140 laud.
1570 4107 1617 4156 p.
1656 4093 1735 4140 38.

341 4177 384 4240 ⁵)
461 4176 578 4225 Vide
612 4175 704 4240 leg.
741 4179 772 4223 4
812 4174 928 4225 Cod.
969 4175 1148 4224 Theod.
1188 4177 1246 4224 de
1280 4177 1378 4238 def.
1415 4177 1502 4225 civ.
1541 4176 1698 4237 (Lao)
1734 4174 1826 4238 leg.
1871 4176 1899 4224 8
1937 4174 2057 4225 Cod.
2094 4176 2276 4226 Theod.
2312 4177 2463 4227 eiusd.

206 4265 298 4316 Tit.
333 4264 432 4326 leg.
472 4261 500 4308 3
540 4265 586 4308 et
623 4261 653 4308 6
691 4259 808 4309 Cod.
845 4261 965 4311 Iust.
1001 4262 1060 4309 de
1094 4261 1275 4324 defens.
1317 4262 1487 4322 (1.55.)

341 4348 384 4407 6)
457 4346 729 4394 Manciam
783 4361 827 4394 v.
881 4361 929 4409 g.
982 4350 1118 4394 erant
1172 4346 1362 4410 patroni
1416 4346 1606 4395 Siciliae
1624 4366 1637 4405 3
1692 4346 1798 4395 vide
1834 4359 1937 4394 mv,
1978 4347 2067 4405 25,
2108 4347 2198 4404 29;
2238 4347 2323 4403 26,
2378 4347 2463 4395 32.

201 4443 613 4484 menno-ascen.
669 4431 728 4478 ad
782 4443 879 4480 οπο.
935 4431 1026 4480 div.
1083 4448 1132 4496 p.
1189 4433 1312 4487 100,
1359 4432 1661 4489 10531231311
1700 4431 2042 4494 Allobrogum,
2081 4431 2187 4480 vide
2225 4445 2364 4480 sau..
2400 4432 2465 4480 de

208 4519 338 4582 Gonj,
382 4518 482 4567 Cat.
523 4515 641 4579 Cap.
678 4517 738 4567 41
777 4527 1005 4566 nemon
1041 4516 1338 4575 Samnitum3
1379 4516 1483 4566 vide
1521 4531 1667 4568 σευ..
1706 4520 1838 4567 Noct.
1877 4517 1975 4568 Ate.
2012 4517 2063 4578 Ι,
2106 4518 2186 4567 14.
