3027 5263
1615 564 1742 625 194

550 762 715 848 ipsos
790 759 985 824 socios
1032 757 1222 822 fuisse
1272 779 1568 842 ponamus
1581 807 1600 837 ,
1651 757 1815 842 quod
1879 757 1943 822 in
1993 757 2336 842 publicanis
2403 781 2516 823 usu
2570 761 2804 826 venisse

552 894 803 954 constat.
846 888 907 972 ¹).

738 1015 991 1082 Accedit
1036 1020 1237 1080 tamen
1289 1035 1536 1100 quoque
1583 1012 1691 1076 illa
1740 1013 2054 1098 quaestio,
2105 1014 2412 1098 quomodo
2436 1015 2599 1086 socio
2633 1039 2803 1104 prae-

550 1145 799 1210 diatoris
848 1143 1007 1208 actio
1055 1143 1118 1206 in
1170 1141 1433 1206 solidum
1484 1139 1736 1205 concedi
1786 1141 2086 1225 potuerit,
2140 1163 2278 1205 cum
2307 1143 2486 1206 sociis
2513 1145 2650 1227 jure
2675 1145 2801 1209 Ro-

551 1295 729 1338 mano
762 1277 1001 1336 tantum
1026 1269 1269 1336 licuerit
1302 1267 1562 1354 singulis
1585 1291 1756 1332 suam
1782 1275 2010 1353 partem
2039 1268 2360 1354 persequi?
2413 1269 2646 1335 Mirum
2671 1295 2802 1338 non

548 1406 637 1464 est
686 1399 913 1464 socium
968 1395 1359 1483 praediatoris
1410 1418 1482 1459 ex
1517 1396 1630 1460 1130
1671 1395 1803 1481 lege
1835 1394 2045 1460 eadem
2079 1396 2434 1461 condicione
2470 1399 2562 1461 uti
2613 1406 2803 1484 atque

552 1529 751 1614 ipsum
831 1525 1304 1612 praediatorem3
1390 1524 1556 1609 quod
1628 1523 1694 1588 in
1765 1524 1942 1588 sociis
2017 1523 2478 1608 publicanorum
2557 1529 2804 1612 saepius

551 1678 667 1721 usu
716 1654 997 1720 veniebat
1028 1654 1098 1738 ²).
1196 1652 1427 1736 Negari
1490 1657 1694 1716 tamen
1760 1651 1976 1736 nequit
2024 1653 2216 1717 socios
2263 1653 2712 1738 praediatorum
2769 1681 2804 1720 a

552 1782 862 1848 communi
912 1787 1129 1845 natura
1190 1778 1483 1844 sociorum
1554 1779 1887 1844 deflectere.
1990 1777 2174 1861 Quod
2225 1801 2362 1844 cum
2413 1781 2500 1843 ita
2549 1782 2668 1882 sit,
2721 1782 2801 1848 ob

552 1911 745 1995 ipsam
794 1908 952 1974 hanc
1024 1929 1262 1973 causam
1330 1907 1476 1971 baec
1525 1906 1678 1992 legis
1729 1906 1994 1970 clausula
2043 1909 2220 1992 (quae
2270 1907 2534 1991 pertinet
2583 1909 2662 1973 ad
2709 1933 2804 1974 so-

554 2038 701 2121 cios)
749 2036 1090 2102 necessaria
1139 2040 1297 2115 erat3
1351 2035 1740 2120 caeteroquin
1791 2056 1910 2099 non
1965 2034 2198 2098 fuisset.
2299 2033 2594 2100 Similiter
2643 2039 2808 2102 socio

555 2163 922 2250 argentario,
1000 2163 1101 2226 cui
1172 2162 1355 2226 etiam
1437 2162 1600 2227 actio
1661 2163 1728 2226 in
1787 2161 2050 2226 solidum
2099 2163 2491 2242 conceditur,
2551 2167 2807 2250 speciali

554 2291 863 2356 sanctione
930 2289 1031 2375 jus
1104 2288 1263 2353 illud
1329 2288 1622 2353 tribuitur
1656 2289 1728 2373 ³).
1828 2288 2048 2374 Neque
2113 2288 2361 2354 miretur
2425 2291 2560 2375 quis
2609 2294 2809 2358 socios

558 2418 1003 2504 praediatorum
1052 2416 1117 2480 in
1168 2417 1280 2480 hac
1328 2439 1505 2481 causa
1539 2439 1574 2480 a
1601 2417 1734 2501 jure
1768 2415 2076 2480 communi
2111 2415 2410 2481 sociorum
2447 2418 2806 2500 deflectere,

557 2569 695 2612 cum
744 2551 957 2610 notum
1008 2545 1089 2608 sit
1141 2545 1457 2610 societates
1507 2544 1974 2630 publicanorum
2026 2544 2203 2610 etiam
2256 2546 2318 2609 in
2361 2546 2495 2610 aliis
2545 2550 2740 2614 causis
2774 2575 2808 2614 a

558 2676 865 2741 communi
915 2696 1132 2761 genere
1190 2674 1491 2739 sociorum
1543 2674 1846 2739 discedere
1881 2676 1954 2758 4).

745 2805 844 2869 Ita
876 2809 1037 2869 recte
1056 2852 1074 2882 ,
1110 2803 1357 2889 opinor,
1408 2802 1610 2889 Caput
1647 2808 1730 2868 65
1767 2804 1916 2889 legis
1953 2803 2098 2868 Mal.
2135 2804 2502 2889 explicatum
2545 2813 2666 2884 est,
2709 2830 2807 2872 ex·

554 2956 673 3021 que
722 2956 792 2998 ea
839 2932 1333 3017 interpretatione
1383 2939 1584 3017 aptam
1633 2933 1882 2997 omnino
1934 2932 2291 2997 sententiam
2343 2932 2510 2998 locus
2558 2934 2764 3000 habet.

742 3062 780 3125 J
787 3082 893 3125 ure
926 3060 1219 3145 denique,
1246 3060 1410 3146 quod
1446 3060 1784 3147 praediator
1827 3060 2006 3124 habet
2039 3061 2196 3125 circa
2237 3083 2333 3125 res
2364 3062 2654 3147 praedam
2689 3063 2807 3128 sibi

557 3191 860 3271 venditae,
913 3190 1194 3276 exposito
1212 3238 1230 3268 ,
1266 3190 1343 3254 ad
1376 3191 1558 3255 finem
1602 3190 1891 3277 perducta
1924 3196 2012 3254 est
2049 3190 2384 3276 disputatio
2419 3191 2492 3255 de
2527 3192 2811 3257 cautione

557 3474 747 3521 1311111111
785 3469 905 3527 1100;
942 3467 1009 3517 ita
1046 3468 1305 3517 instructae
1342 3472 1479 3517 erant
1515 3473 1569 3517 ut
1603 3486 1726 3518 unus
1766 3469 1835 3517 vel
1874 3467 2035 3533 plures
2071 3484 2146 3529 011,
2165 3467 2303 3516 sociis
2343 3469 2536 3533 negotia
2571 3469 2813 3519 societatis

560 3558 807 3615 curarent;
847 3555 895 3603 hi
933 3570 958 3603 a
984 3554 1164 3619 populo
1192 3554 1422 3603 redimere
1457 3554 1701 3613 solebant,
1741 3554 2077 3617 mancipesque
2113 3553 2497 3623 appellabantur,
2530 3556 2639 3617 qnia
2663 3570 2810 3603 manu

556 3641 744 3693 sublata
782 3639 1111 3703 significabant
1147 3654 1200 3687 se
1238 3642 1457 3688 auctores
1493 3639 1750 3703 emptionis
1788 3654 1917 3695 esse;
1953 3638 2100 3687 ceteri
2138 3638 2254 3686 socii
2293 3638 2390 3687 sive
2428 3640 2646 3687 nonnulli
2672 3655 2728 3687 ex
2755 3640 2814 3688 iis

557 3743 643 3793 pro
681 3725 896 3790 mancipe
930 3724 1070 3773 fidem
1107 3740 1240 3774 suam
1276 3728 1503 3789 tauquam
1540 3726 1736 3790 praedes
1777 3723 2172 3789 interponebant3
2211 3722 2350 3788 plura
2387 3724 2444 3773 de
2482 3724 2572 3773 hac
2609 3741 2658 3774 re
2684 3728 2813 3790 apud

557 3826 680 3863 1111111
716 3813 764 3860 in
806 3814 889 3873 op.
926 3812 960 3860 Ι.
994 3827 1040 3875 p.
1080 3809 1206 3868 715,
1246 3807 1364 3861 716.

706 3898 737 3959 ¹)
808 3896 883 3944 Ita
919 3902 1047 3944 recte
1082 3908 1395 3943 111111103111111
1432 3896 1481 3943 in
1523 3896 1648 3945 Dirc.
1685 3896 1716 3943 l.
1754 3912 1804 3959 p.
1842 3895 1934 3952 38,
1977 3894 2040 3943 39
2081 3894 2140 3943 cf.
2179 3907 2455 3943 nnusnuno
2493 3896 2540 3944 in
2567 3898 2814 3949 Comment.

561 3985 593 4032 l.
630 3998 680 4047 p.
716 3983 795 4030 85.
868 3980 1047 4029 Eodem
1084 3981 1236 4029 redire
1275 3980 1462 4029 videtur
1498 3980 1596 4029 sive
1633 3985 1828 4029 auctore
1868 3992 2142 4027 vertunum
2179 3979 2225 4027 in
2269 3981 2434 4027 Comm.
2473 3982 2507 4029 I.
2546 3998 2592 4045 p.
2631 3984 2694 4030 85
2733 3984 2814 4041 (cf.

560 4083 747 4133 quoque
785 4080 1042 4115 oounsmr
1078 4068 1127 4115 in
1169 4067 1417 4117 Comment.
1452 4068 1485 4115 I.
1524 4083 1575 4129 p.
1612 4065 1728 4125 567)
1779 4065 2008 4131 „praedes
2045 4064 2194 4113 socii”
2239 4064 2526 4127 conjunctim
2569 4066 2816 4133 legantur,

558 4157 666 4207 sive
702 4164 957 4203 111011κο011
1015 4152 1330 4211 (Stadtrechte
1364 4168 1414 4217 p.
1450 4152 1571 4212 480)
1609 4152 1787 4210 secuti,
1825 4150 2024 4215 praedes
2061 4155 2109 4200 et
2143 4150 2297 4199 socios
2333 4150 2704 4215 distinguamus.
2740 4153 2816 4204 Cf.

559 4254 738 4291 iuvita
772 4238 821 4287 in
865 4239 949 4297 Op.
986 4238 1018 4286 I.
1054 4252 1102 4301 p.
1143 4235 1257 4286 127.

698 4324 740 4387 ²)
811 4322 929 4371 Vide
964 4337 1010 4371 v.
1031 4337 1077 4385 g.
1114 4321 1206 4384 leg.
1252 4324 1272 4370 l
1314 4338 1384 4387 pr.
1426 4323 1487 4371 D.
1524 4322 1583 4370 de
1617 4323 1724 4371 Ioco
1753 4322 1880 4384 publ.
1906 4323 2025 4386 fru.
2061 4319 2232 4383 (43.9).

701 4410 739 4472 3)
813 4408 929 4457 Vide
965 4408 1056 4474 leg.
1095 4407 1157 4458 27
1200 4424 1272 4473 pr.
1311 4409 1369 4457 D.
1406 4410 1465 4457 de
1490 4410 1649 4471 pactis
1685 4409 1856 4469 (2.14).

700 4495 743 4563 4)
815 4494 935 4544 Vide
970 4494 1060 4561 leg.
1102 4494 1163 4542 59
1201 4509 1273 4561 pr.
1312 4498 1359 4543 01
1396 4494 1475 4545 63.
1515 4496 1537 4557 §
1576 4496 1622 4545 8.
1659 4494 1720 4543 D.
1752 4509 1842 4560 pro
1876 4494 2003 4545 socio
2037 4490 2216 4557 (17.2).
