3027 5263
1593 609 1728 672 210

532 804 841 870 habitants
886 803 961 868 de
1008 803 1205 868 Rome
1244 803 1305 887 ¹).
1404 804 1463 866 A
1512 810 1670 866 cette
1717 825 1962 881 erreur,
2037 804 2086 868 il
2135 805 2340 889 ajoute
2386 806 2468 869 ici
2519 805 2680 870 celle
2731 806 2812 870 de

534 932 867 997 confondre
916 931 1003 996 lea
1048 931 1351 1016 princip&
1398 929 1483 994 du
1544 929 1708 994 droit
1763 929 1940 1014 prive
1995 930 2104 994 des
2158 933 2488 1016 provinces
2551 934 2666 1017 qui
2717 941 2813 998 est

532 1057 671 1124 base
717 1082 819 1122 sur
866 1059 925 1122 la
964 1057 1349 1143 jurisdiction
1398 1078 1544 1121 avec
1607 1079 1762 1120 ceux
1827 1057 1914 1120 du
1963 1059 2068 1142 jus
2117 1058 2296 1122 civile
2347 1058 2426 1121 de
2476 1059 2744 1124 Rome”.

721 1189 953 1250 Auctor
1016 1185 1103 1248 ita
1164 1183 1373 1248 scribit
1436 1182 1693 1268 perinde
1755 1205 1826 1246 ac
1888 1183 1942 1246 si
1997 1185 2100 1266 jus
2159 1185 2466 1268 privatum
2517 1187 2809 1250 omnium

536 1312 995 1400 provincialium
1063 1311 1225 1376 idem
1276 1312 1495 1389 fuerit3
1563 1333 1765 1394 neque
1809 1317 2016 1374 tamen
2065 1313 2155 1374 ita
2215 1311 2402 1376 fuisse
2449 1321 2650 1398 puto;
2721 1315 2808 1378 ci·

532 1463 633 1504 ves
680 1461 825 1504 sane
870 1437 1131 1502 Romani
1180 1438 1245 1500 in
1296 1438 1626 1522 provinciis
1675 1437 1890 1500 eodem
1941 1438 2078 1521 jure
2138 1439 2376 1521 privato
2427 1462 2558 1502 non
2613 1447 2804 1504 utun-

532 1573 635 1629 tur
705 1586 826 1648 quo
888 1563 1097 1626 Latini
1171 1570 1233 1625 et
1280 1563 1582 1646 peregrini
1601 1587 1620 1637 ;
1671 1561 1902 1624 fallitur
1959 1569 2170 1626 auctor
2227 1585 2480 1648 quoque
2547 1573 2808 1630 conten-

535 1693 683 1755 dens
748 1691 851 1775 jus
923 1691 1217 1774 privatum
1268 1687 1738 1774 provincialibus
1813 1712 2092 1754 emanare
2141 1713 2214 1754 ex
2265 1692 2567 1777 praesidis
2620 1695 2808 1777 juris-

536 1818 835 1891 dictione;
886 1816 1047 1880 cives
1080 1816 1241 1878 enim
1290 1815 1551 1878 Romani
1598 1815 1812 1900 procul
1863 1816 2052 1880 dubio
2100 1818 2166 1879 in
2217 1819 2550 1901 provinciis
2601 1843 2800 1904 aeque

538 1967 605 2008 ac
666 1943 895 2007 Romae
958 1941 1196 2026 legibus
1252 1940 1505 2024 subjecti
1556 1948 1730 2006 erant
1777 1964 1860 2004 sc.
1913 1943 1989 2005 iis
2039 1965 2194 2026 quae
2243 1946 2582 2028 provinciis
2632 1947 2799 2010 latae

537 2079 731 2136 essent
766 2092 819 2133 v.
846 2092 905 2154 g.
932 2068 1053 2154 legi
1078 2069 1115 2131 J
1124 2068 1277 2132 uliae
1312 2075 1372 2132 et
1404 2067 1604 2132 Titiae
1631 2069 1678 2150 ²)
1709 2074 1768 2130 et
1792 2068 1834 2130 J
1837 2070 2015 2132 uniae
2041 2070 2106 2132 N
2108 2069 2371 2134 orbanae
2399 2072 2475 2154 ²³).
2515 2073 2797 2137 Praeter-

538 2221 607 2262 ea
642 2198 717 2262 ad
768 2220 871 2262 eos
924 2203 1157 2280 spectat
1206 2196 1473 2260 edictum
1525 2195 1926 2280 provinciale,
1965 2197 2056 2258 uti
2092 2196 2169 2260 ad
2217 2200 2380 2262 cives
2425 2201 2534 2284 qui
2565 2201 2806 2266 Romae

540 2334 711 2390 erant
760 2325 1023 2390 edictum
1082 2325 1371 2409 praetoris
1402 2323 1658 2399 urbani3
1708 2325 1914 2408 itaque
1963 2347 2174 2388 eorum
2223 2327 2506 2390 condicio
2557 2329 2802 2394 ratione

542 2453 751 2518 habita
798 2453 1053 2516 fontium
1107 2453 1265 2536 juris
1332 2451 1553 2536 privati
1625 2451 1853 2514 Romae
1903 2457 1966 2514 et
2013 2453 2079 2514 in
2129 2454 2460 2536 provinciis
2508 2477 2636 2519 non
2687 2456 2802 2520 dif-

538 2580 785 2646 ferebat.

724 2709 907 2791 Quod
980 2707 1197 2771 attinet
1258 2706 1333 2771 ad
1398 2706 1802 2791 Salpensanos
1867 2706 1973 2789 qui
2029 2706 2244 2771 Latini
2294 2715 2469 2772 erant
2521 2711 2798 2775 animad-

540 2840 719 2905 vertit
790 2843 1034 2903 auctor:
1133 2835 1295 2913 „Les
1354 2835 1489 2919 jura
1537 2833 1892 2897 libertorum
1965 2834 2072 2898 des
2141 2834 2490 2919 Salpesiens
2555 2840 2803 2903 avaient

534 2990 767 3035 comme
838 2971 975 3029 tout
1034 2962 1091 3027 le
1157 2962 1317 3025 droit
1379 2957 1548 3045 prive
1621 2959 1724 3023 des
1791 2962 2105 3045 provinces
2173 2961 2306 3025 leur
2373 2986 2589 3029 source
2640 2966 2794 3029 dans

538 3095 710 3161 1'6dit
756 3090 1093 3180 provincial
1139 3086 1425 3173 applique
1476 3088 1513 3151 a
1560 3087 1851 3173 Salpensa
1901 3111 2009 3173 par
2057 3088 2146 3152 les
2197 3088 2410 3153 IIvirS.
2513 3093 2574 3155 A
2639 3100 2802 3157 cette

532 3221 917 3310 jurisdiction
969 3215 1259 3281 n'etaient
1306 3237 1414 3301 pas
1478 3215 1822 3279 soustraites
1870 3214 1958 3279 les
2009 3238 2340 3300 personnes
2391 3217 2501 3301 qui
2551 3220 2799 3285 avaient

540 3352 769 3417 obtenu
841 3348 902 3411 la
968 3345 1181 3409 civitas
1252 3341 1605 3419 Romana'';
1693 3348 1874 3427 atque
1955 3340 2098 3407 inde
2166 3348 2380 3406 auctor
2445 3344 2800 3409 concludit:

540 3481 678 3561 „La
752 3477 962 3541 civitas
1025 3496 1101 3536 ne
1168 3470 1418 3557 pouvait
1482 3470 1641 3533 donc
1704 3468 1836 3533 leur
1899 3469 2046 3533 faire
2115 3470 2330 3555 perdre
2397 3470 2486 3535 les
2551 3483 2798 3537 avarita·

539 3632 643 3695 ges
715 3628 833 3691 que
895 3603 952 3667 la
1018 3598 1403 3685 jurisdiction
1473 3597 1578 3661 des
1627 3596 1826 3661 IIvirs
1891 3596 2023 3661 leur
2083 3598 2472 3681 garantissait
2545 3624 2796 3686 anpara-

543 3740 681 3800 vant
713 3734 780 3820 4).
885 3729 1060 3795 Ainsi
1122 3727 1209 3791 les
1274 3726 1531 3811 dangers
1590 3730 1797 3789 contre
1859 3724 2126 3810 lesquels
2193 3747 2256 3788 se
2306 3724 2502 3809 dirige
2550 3725 2608 3791 le
2657 3729 2796 3792 cha-

684 3929 720 3991 ι)
791 3926 864 3974 Ad
900 3940 954 3972 ea
990 3925 1155 3971 auctor
1190 3918 1405 3983 respicit,
1445 3919 1639 3981 opinor,
1680 3932 1800 3980 quae
1841 3918 1901 3965 ad
1926 3917 2070 3966 verba
2105 3916 2290 3981 Capitis
2328 3916 2392 3965 22
2419 3916 2652 3973 „civitate
2689 3934 2804 3969 mu-

542 4018 669 4069 tatus
703 4008 919 4061 mutata''
956 4006 1166 4063 notavit3
1205 4005 1319 4053 haec
1357 4018 1467 4053 vero
1505 4020 1590 4052 suo
1629 4003 1736 4051 loco
1773 4002 2024 4059 refutab05
2065 4002 2172 4050 vide
2211 4003 2339 4051 Dis-r.
2377 4018 2424 4065 p.
2465 4003 2566 4051 214
2603 4007 2705 4053 not.
2743 4006 2804 4055 2.

686 4100 722 4163 2)
794 4096 911 4145 Vide
947 4094 1068 4142 [nst.
1102 4088 1222 4140 Just.
1265 4089 1370 4138 Lib.
1412 4091 1433 4137 l
1476 4088 1573 4137 Tit.
1611 4088 1675 4137 20
1712 4102 1788 4151 pr.
1822 4090 1843 4147 §
1881 4090 1912 4135 4
1949 4086 2008 4136 cf.
2049 4098 2217 4135 GAruu
2253 4088 2374 4135 Inst.
2415 4087 2442 4134 1
2481 4088 2504 4146 5
2546 4088 2659 4137 185.

683 4185 721 4245 ³)
793 4181 911 4230 Vide
950 4180 1232 4241 Fraqme'nta
1268 4187 1505 4223 Dosl'rflffl
1540 4175 1562 4233 §
1601 4174 1649 4222 8.

676 4272 719 4332 4)
789 4269 967 4317 Putate
1004 4264 1192 4312 videtur
1229 4265 1395 4309 auctor
1431 4258 1611 4307 IIviros
1643 4258 1721 4321 jus
1758 4258 1913 4306 dicere
1949 4272 2007 4305 ex
2043 4254 2199 4305 edicto
2236 4256 2484 4319 praesidis.
2555 4256 2800 4308 Assentiri

538 4377 633 4411 non
688 4371 909 4423 possum3
964 4350 1108 4399 IIviri
1160 4348 1285 4397 enim
1322 4344 1579 4410 Salpensae
1613 4343 1949 4409 jurisdictione
1999 4342 2271 4390 voluntaria
2309 4344 2512 4391 utuntur
2554 4342 2656 4391 sine
2691 4344 2797 4394 ullo

536 4442 766 4514 praesidis
800 4440 1099 4493 interi-cutm
1136 4435 1185 4483 in
1217 4430 1549 4497 jurisdictione
1586 4427 1890 4479 contentiosa
1926 4427 2074 4477 IIviri
2117 4429 2166 4476 et
2200 4425 2442 4491 praesides
2467 4425 2646 4492 singuli
2680 4442 2794 4479 suas

532 4534 691 4602 partes
726 4528 968 4596 separatas
1011 4522 1208 4572 habent.
