3027 5263
1329 550 1453 612 177

268 745 412 824 ubi,
487 755 828 831 postquam
903 745 1143 830 qualem
1218 750 1430 808 auctor
1502 743 1698 807 voluit
1765 767 2004 807 causam
2060 745 2362 822 laudavit,
2415 769 2512 810 ex·

271 875 528 939 clamat:
582 875 747 950 „Ubi
798 874 903 937 illa
952 873 1325 936 consuetudo
1379 873 1437 935 in
1491 872 1697 948 bonis»,
1737 872 2091 956 p1·aedibuS‚
2131 874 2512 958 praediisque

271 999 612 1065 vendundis
662 1001 933 1064 omnium
984 999 1343 1077 consulum,
1402 1020 1750 1074 censorum,
1806 1007 2184 1082 praetorum,
2241 1009 2516 1084 quaesto-

274 1153 408 1193 rum
462 1129 757 1213 denique,
813 1133 883 1192 ut
916 1127 1147 1212 optima
1197 1126 1556 1190 condicione
1605 1128 1684 1188 sit
1733 1127 1784 1189 is
1837 1126 1972 1190 cuia
2022 1150 2114 1189 res
2166 1128 2369 1190 cuium
2416 1151 2516 1212 pe-

272 1255 537 1320 riculum
573 1255 611 1337 ¹)
630 1254 693 1316 ?”
728 1254 973 1328 Revera,
1012 1260 1177 1337 put0,
1207 1273 1428 1316 emeno
1464 1253 1578 1314 hoc
1610 1252 1744 1315 loco
1780 1253 2138 1317 locationem
2165 1255 2513 1339 sumptibus

270 1383 485 1467 prioris
536 1381 923 1465 redemptoris
965 1379 1181 1443 factam
1236 1379 1522 1464 praedum
1578 1379 1987 1444 venditionem
2040 1381 2297 1465 dicit2),
2353 1383 2511 1467 fugit

376 1567 399 1572 -
623 1563 683 1569 ...—

423 1665 455 1724 ¹)
527 1665 581 1710 In
624 1663 758 1712 Orat.
795 1667 957 1710 contra
1006 1663 1206 1711 Verrem.
1249 1662 1292 1709 2.
1339 1661 1377 1709 1.
1416 1663 1535 1724 Cap.
1574 1665 1653 1710 54.

420 1749 460 1809 2)
533 1747 851 1795 Nihilominus
888 1760 1222 1802 minuamur«,
1267 1745 1314 1793 in
1376 1746 1503 1795 Dies.
1555 1747 1686 1796 laud.
1744 1762 1790 1810 p.
1847 1747 1936 1803 28,
1991 1763 2090 1810 sqq.
2131 1749 2391 1810 praefracte
2429 1750 2520 1798 hoc

273 1841 441 1898 negat,
490 1833 648 1895 eique,
705 1832 898 1896 perinde
951 1847 1005 1878 ac
1058 1833 1097 1879 si
1145 1831 1263 1878 nihil
1302 1831 1348 1877 in
1392 1833 1678 1879 contrariam
1723 1839 1904 1896 partem
1947 1831 2232 1895 disputasset
2277 1835 2348 1882 vir
2389 1852 2518 1884 cons,

275 1935 328 1971 n.
366 1931 598 1966 Hermen
646 1917 712 1974 (iu
752 1915 1159 1963 Commentatione
1213 1931 1351 1978 quam
1404 1916 1609 1964 inseruit
1649 1917 1809 1964 Diario
1847 1917 2174 1980 „Philoloyus”
2212 1919 2321 1966 anni
2364 1921 2519 1977 1860,

276 2023 326 2070 p.
366 2002 677 2062 234—269)‚
716 2001 975 2048 assentitur
1015 2014 1212 2056 mvma,
1240 2002 1319 2063 qui
1358 2002 1406 2048 in
1450 2003 1538 2062 Op.
1571 2001 1700 2049 laud.
1739 2018 1786 2065 p.
1827 2003 1922 2049 118
1963 2008 2062 2050 not.
2101 2003 2196 2054 367
2235 2005 2301 2050 ita
2339 2005 2394 2052 de
2432 2005 2524 2052 hou

276 2091 387 2139 loeo
424 2087 641 2152 scripsit:
679 2086 800 2142 „Die
837 2085 1037 2148 richtige
1073 2085 1348 2148 Erkliirung
1388 2085 1489 2149 gibt
1542 2099 1916 2146 zinnaaararm,
1947 2087 2029 2134 der
2073 2087 2147 2135 die
2173 2089 2324 2136 Sache
2361 2105 2414 2137 so
2453 2106 2524 2137 er·

276 2172 539 2237 sehiipt'end
577 2171 836 2235 bespricbt,
880 2171 985 2218 dass
1022 2172 1089 2218 sie
1125 2171 1193 2218 als
1232 2170 1441 2218 definitiv
1482 2171 1764 2232 abgemacht
1801 2171 1954 2234 gelten
1985 2171 2138 2219 darf.’'
2203 2174 2522 2236 Explicationi

276 2266 441 2308 tamen
476 2259 575 2306 eius
610 2256 825 2304 assentiri
863 2271 957 2303 non
999 2271 1218 2318 possum,
1276 2256 1449 2303 etenim
1488 2256 1698 2302 fontibus
1741 2255 1979 2304 contraria
2019 2257 2220 2306 videtur.
2262 2259 2414 2323 Igitur
2455 2262 2524 2326 ip-

279 2362 383 2394 sum
424 2355 711 2392 memnonem
751 2339 997 2389 consulere
1034 2345 1244 2403 oportet.

418 2431 600 2477 Auctor
646 2427 695 2474 in
752 2428 935 2474 Verrem
972 2425 1076 2474 Lib.
1120 2425 1159 2473 1.
1202 2425 1316 2488 Cap.
1352 2425 1571 2473 49-59,
1612 2427 1633 2484 §
1675 2426 1937 2473 130-154
1985 2442 2171 2476 causam
2198 2443 2315 2492 quae
2354 2429 2526 2478 dicitur

275 2515 489 2563 Juniana
526 2512 691 2566 tradit,
734 2527 873 2573 quam
912 2510 1044 2558 brevi
1082 2510 1210 2558 hisce
1245 2509 1495 2574 complecti
1536 2511 1683 2558 iuvat.

420 2597 597 2648 Aedem
635 2595 843 2645 Castoris
873 2593 1092 2643 tuendam
1115 2595 1279 2644 habuit
1302 2595 1353 2643 P.
1378 2596 1553 2643 Junius
1576 2597 1763 2660 quidam
1807 2597 1858 2647 L.
1877 2597 2034 2652 Sulla,
2058 2597 2116 2663 Q.
2139 2598 2336 2648 Metello
2358 2616 2526 2649 consu·

281 2686 433 2740 libus;
472 2682 552 2731 ille
579 2686 792 2729 mortuus
813 2686 906 2737 est,
948 2681 1136 2743 reliquit
1166 2682 1415 2743 pupillum.
1455 2682 1684 2730 Consules
1711 2681 1916 2745 proximi
1937 2684 2046 2730 anni
2069 2685 2226 2732 omnia
2247 2691 2374 2733 sarta
2399 2690 2525 2735 tecta

280 2770 469 2831 exigere
506 2782 597 2815 non
638 2770 877 2829 poterant.
936 2766 1066 2813 Verri
1104 2772 1354 2830 propterea
1390 2766 1600 2830 praetori
1637 2768 1840 2815 Senatus
1879 2768 2074 2815 mandat
2097 2776 2148 2815 ut
2171 2770 2336 2817 dehac
2361 2786 2410 2818 re
2449 2788 2526 2818 co·

281 2858 535 2918 gnosceret
555 2860 599 2899 et
617 2851 855 2914 judicaret
883 2854 923 2911 (§
953 2851 1083 2909 130).
1123 2851 1333 2899 Simulac
1353 2851 1536 2915 pupillo
1558 2852 1716 2898 aedem
1740 2855 1913 2899 sartam
1937 2856 2110 2899 tectam
2131 2854 2405 2903 tradendam
2429 2872 2528 2904 esse

282 2940 458 2988 certior
496 2938 645 2985 faetus
682 2942 777 2991 est,
815 2936 1032 2999 sperabat
1062 2936 1160 2983 fore
1183 2940 1233 2984 ut
1260 2936 1436 2999 aliquid
1458 2936 1694 2983 inveniret
1715 2936 1759 2983 in
1783 2952 1874 2999 quo
1896 2942 2056 2999 posset
2075 2938 2306 3001 praedari.
2333 2941 2371 2997 (§
2397 2942 2526 3004 131).

284 3024 465 3074 Aedem
520 3022 741 3071 tuendam
797 3022 843 3069 in
898 3022 1165 3085 proximum
1220 3038 1395 3069 annum
1451 3022 1713 3069 redemerat
1761 3022 2008 3070 Habonius
2061 3022 2196 3085 quis3
2251 3024 2351 3071 eius
2388 3041 2533 3089 opera

282 3110 536 3159 consilium
572 3108 785 3173 persequi
818 3114 1045 3163 conatur,
1086 3123 1191 3154 nam
1232 3106 1301 3153 illi
1338 3107 1501 3155 aedem
1536 3108 1720 3155 tradere
1742 3108 1992 3171 oportebat
2030 3107 2278 3171 pupillum.
2353 3110 2528 3159 Aedem

285 3196 579 3251 considerat;
618 3208 899 3257 quamquam
940 3193 1095 3239 omnia
1135 3193 1281 3255 proba
1308 3197 1441 3248 sunt,
1468 3203 1638 3240 contra
1657 3192 1904 3241 locationis
1925 3193 2074 3255 legem
2114 3198 2166 3241 ut
2195 3196 2442 3243 columnae
2473 3198 2530 3245 ad

284 3279 677 3347 perpendiculum
716 3278 1016 3341 exigerentur
1057 3279 1209 3339 poscit
1245 3294 1270 3325 a
1308 3277 1520 3342 pupilloj.
1564 3278 1836 3335 Habonius,
1877 3279 1956 3340 qui
1984 3278 2138 3341 primo
2167 3286 2328 3342 negat,
2364 3285 2527 3343 postea

286 3374 445 3415 tamen
486 3380 567 3429 spe
603 3364 723 3411 lucri
760 3363 994 3411 adductus
1031 3362 1078 3410 id
1115 3364 1202 3410 sibi
1242 3363 1401 3410 deberi
1441 3364 1684 3425 praedicat
1723 3366 1762 3421 (§
1805 3362 2106 3420 132-135).
2167 3365 2330 3412 Verres
2363 3366 2535 3413 deinde

286 3469 405 3517 opus
442 3449 705 3514 improbat3
744 3452 928 3497 tutores
966 3448 1136 3512 pupilli
1173 3452 1453 3504 accurrunt;
1492 3447 1667 3495 frustra
1706 3451 1862 3495 tamen
1907 3450 2100 3495 Verrem
2137 3465 2324 3496 movere
2345 3451 2527 3507 conati,

285 3554 395 3587 cum
437 3536 655 3583 Habonio
692 3534 819 3597 quod
856 3540 959 3581 erat
994 3534 1073 3581 vix
1094 3533 1276 3581 40.000
1297 3534 1444 3588 Sest.,
1482 3534 1753 3592 transigunt
1781 3534 1994 3581 200.000
2015 3534 2128 3581 Sest.
2159 3536 2200 3592 (§
2233 3535 2536 3595 135-141).

286 3624 489 3671 Praetor
526 3626 708 3677 tamen,
750 3619 838 3667 hoc
876 3618 1010 3666 lucro
1049 3634 1145 3665 non
1182 3621 1459 3673 contentae,
1500 3618 1747 3665 columnas
1775 3618 1830 3665 ad
1862 3618 2248 3681 perpendiculum
2272 3620 2528 3683 exigendas

285 3708 447 3756 locare
484 3705 665 3753 statuit..
740 3704 993 3766 Peragitur
1032 3703 1239 3760 locatio,
1280 3702 1566 3751 alienissimo
1605 3708 1758 3751 tamen
1797 3708 2013 3765 tempore
2051 3719 2200 3767 neque
2237 3704 2392 3751 edicto
2430 3706 2533 3761 dic;

287 3796 501 3841 attamen
554 3790 600 3838 in
659 3794 842 3852 tempus
899 3793 1156 3836 aecurrunt
1205 3794 1387 3837 tutores
1427 3793 1478 3835 ut
1517 3788 1688 3835 iterum
1728 3803 1845 3852 opus
1884 3788 2172 3836 redimerent
2208 3805 2293 3852 pro
2331 3790 2532 3853 pupillo.

292 3880 463 3925 Verres
500 3881 655 3923 tamen
694 3874 929 3938 pupillum
966 3889 993 3921 a
1031 3874 1293 3921 licitatione
1330 3872 1568 3927 excludit,
1608 3872 1721 3919 lieet
1756 3874 1870 3921 satis
1897 3872 2149 3937 praedibus
2175 3859 2399 3931 cavisset,
2439 3880 2535 3923 ete-

288 3962 389 4012 nim
427 3960 517 4009 sibi
556 3958 732 4008 nullam
770 3958 989 4022 praedam
1028 3959 1129 4007 fore
1165 3958 1483 4020 intelligebat,
1525 3959 1561 4005 si
1590 3973 1662 4005 res
1687 3958 1838 4006 abiret
1863 3958 1920 4005 ab
1947 3974 2002 4006 eo
2029 3960 2245 4023 mancipe
2273 3960 2532 4021 (Habonio)

290 4064 429 4113 quem
468 4046 555 4094 sibi
595 4045 908 4108 apposuisset.
981 4043 1115 4107 Quae
1154 4047 1403 4107 postquam
1442 4044 1686 4100 narravit,
1722 4056 1906 4091 clei-:no
1945 4044 2016 4091 ira
2053 4044 2304 4093 incitatus:
2345 4045 2534 4105 „Ubi,”

288 4134 382 4191 ait,
441 4131 554 4190 „illa
606 4130 899 4178 consuetudo
955 4130 1000 4176 in
1046 4117 1197 4177 ιδοτιίε
1234 4129 1487 4193 praedibus
1527 4128 1820 4192 praediisque
1859 4130 2124 4177 vendundis
2166 4158 2222 4167 -—
2263 4135 2314 4178 ut
2353 4132 2532 4195 optima

288 4216 569 4271 condicione
606 4216 668 4263 sit
703 4216 767 4270 ia,
810 4214 913 4277 cuja
953 4230 1043 4269 res,
1088 4214 1243 4276 cujum
1288 4214 1600 4277 periculum.’'
1640 4216 1678 4273 (ὃ
1725 4215 1838 4270 141,
1885 4215 2014 4273 142).

430 4302 621 4355 Verres,
672 4305 723 4347 ut
760 4298 849 4347 hoc
886 4300 1089 4355 addam,
1126 4316 1248 4362 opus
1287 4298 1402 4346 illud
1443 4300 1567 4361 quod
1607 4302 1789 4346 tutores
1829 4300 2011 4355 80,000
2049 4300 2168 4349 Sest.
2206 4316 2255 4349 se
2291 4302 2538 4350 effecturos

287 4404 393 4438 esse
429 4386 771 4441 clamaverant,
818 4384 1033 4440 560‚000
1072 4384 1193 4432 Sest.
1231 4383 1480 4432 addicebat
1523 4384 1763 4432 Habonio.
1799 4386 1839 4444 (ς
1885 4386 2010 4446 144).

428 4472 631 4522 Ratione
685 4470 847 4519 habita
898 4469 1039 4520 huius
1077 4470 1329 4519 verborum
1368 4472 1621 4519 contextus
1657 4468 2006 4534 simplicissima
2043 4470 2138 4519 loci
2175 4468 2358 4519 laudati
2394 4484 2531 4521 ercn-

2178 4568 2258 4633 12
