3027 5263
1303 584 1427 649 197

242 782 425 847 nibus
475 781 857 846 disseramus.
936 781 1027 844 De
1071 778 1315 865 juribus
1362 779 1727 844 Latinorum
1777 777 1934 844 eirea
1997 801 2093 843 res
2144 779 2217 844 de
2266 779 2488 865 quibus

244 910 407 996 leges
446 909 687 975 Flaviae
738 914 937 974 tacent
978 909 1019 991 ¹)
1070 927 1365 993 exponere
1414 906 1491 970 ab
1541 905 1654 970 hoo
1704 905 1840 971 loeo
1891 907 2159 972 alienum
2206 915 2318 972 est.

430 1039 523 1102 Ae
570 1039 833 1123 primum
882 1037 1127 1121 quidem
1176 1035 1251 1100 de
1291 1035 1560 1120 personis
1596 1034 1938 1112 videamus3
1976 1036 2120 1100 haee
2153 1036 2316 1100 enim
2362 1036 2487 1100 dis-

242 1165 481 1250 putatio
507 1165 769 1250 primum
798 1163 915 1229 sibi
937 1163 1137 1228 locum
1174 1163 1441 1228 vindieat
1453 1189 1471 1241 3
1510 1163 1732 1228 etenim
1767 1185 1984 1249 parum
2017 1171 2140 1240 est,
2168 1164 2258 1228 uti
2291 1163 2489 1250 Impe-

240 1301 405 1357 rator
454 1312 849 1358 ms‘rrmaxus
897 1291 1359 1369 animadvertit,
1413 1291 1505 1356 ius
1556 1313 1767 1369 nosse,
1819 1291 1870 1355 si
1905 1313 2198 1377 personae
2232 1314 2488 1377 quarum

243 1442 422 1485 causa
470 1427 767 1484 statutum
816 1427 909 1485 est
954 1419 1312 1505 ignorentur
1346 1419 1419 1503 2).

1188 1927 1463 1992 CAPUT
1510 1928 1564 1992 Ι.

806 2158 913 2207 nn
970 2157 1207 2208 sunu
1266 2156 1939 2230 RERSONARUM.

439 2453 739 2517 Personae
803 2452 919 2515 hoo
982 2448 1117 2515 loeo
1151 2449 1199 2534 ³)
1269 2448 1705 2535 intelliguntur
1763 2447 1978 2514 eodem
2027 2473 2212 2516 sensu
2261 2475 2382 2538 quo
2433 2453 2500 2517 in

245 2580 645 2667 inscriptione
690 2577 881 2644 Tituli
935 2580 973 2642 3
1028 2577 1181 2644 Inst.
1232 2576 1391 2642 Just.
1444 2585 1886 2657 memorantur,
1921 2599 2001 2643 so.
2032 2599 2212 2645 sensu
2246 2577 2497 2659 latiore,

244 2712 335 2777 ita
384 2715 453 2774 ut
517 2707 941 2794 significentur
1002 2704 1277 2770 homines
1338 2707 1445 2792 qui
1494 2728 1603 2792 pro
1663 2705 2010 2771 diversitate
2059 2730 2178 2793 qua
2227 2708 2390 2774 inter
2437 2732 2500 2774 se

243 2838 705 2924 distinguantur
752 2835 987 2899 diversa
1035 2856 1278 2919 quoque
1325 2834 1393 2898 in
1444 2833 1567 2898 vita
1617 2834 1776 2899 civili
1827 2835 2184 2900 condicione
2223 2843 2492 2901 utantur.

438 2965 685 3029 Summa
758 2962 977 3027 divisio
1048 2984 1437 3048 personarum
1486 2962 1551 3026 in
1595 2963 1731 3047 jure
1784 2962 2063 3029 Romano
2125 2970 2286 3042 erat,
2339 2967 2503 3051 quod

244 3116 460 3161 omnes
506 3091 781 3157 homines
822 3096 929 3155 aut
958 3090 1133 3156 liberi
1168 3096 1368 3155 essent
1401 3097 1506 3155 aut
1539 3090 1697 3156 servi
1729 3092 1808 3177 ⁴),
1849 3092 1972 3155 alia
2001 3113 2244 3178 quoque
2279 3092 2498 3158 divisio

244 3242 639 3310 personarum
711 3225 838 3285 erat
909 3202 1185 3306 recepta,
1253 3241 1375 3304 qua
1423 3218 1719 3304 quaedam
1769 3219 2124 3285 dicebantur
2175 3221 2267 3284 sui
2302 3220 2498 3306 juriS,

246 3351 549 3439 quaedam
598 3348 778 3414 alieni
820 3347 973 3435 juris
1004 3347 1072 3434 ⁵).

397 3663 433 3723 ¹)
503 3660 746 3726 obligatio
798 3659 925 3710 enim
978 3660 1207 3725 praedum
1260 3660 1564 3725 praediorum
1619 3674 1674 3709 eo
1730 3658 1894 3708 referri
1951 3658 2148 3723 nequit,
2188 3672 2297 3707 cum
2333 3659 2503 3723 procul

248 3748 401 3799 dubio
437 3746 496 3795 ad
527 3747 607 3810 jus
642 3746 885 3811 publicum
921 3746 1173 3810 pertineat.

395 3833 434 3895 2)
506 3831 621 3880 Vide
662 3832 778 3880 [nst.
826 3830 928 3881 Lib.
973 3832 993 3878 1
1035 3832 1131 3880 Tit.
1170 3831 1217 3880 2.
1254 3832 1277 3890 5
1321 3830 1383 3878 12
1422 3830 1480 3879 cf.
1521 3844 1710 3893 quoqne
1763 3840 2213 3877 nnnuoosuunuu
2250 3827 2298 3877 in
2337 3827 2440 3894 tege
2478 3830 2508 3878 2

255 3922 322 3970 D.
359 3919 419 3967 de
452 3920 582 3966 statu
617 3918 851 3965 hominum
903 3918 1049 3979 (l.5).
1104 3916 1183 3964 ubi
1222 3915 1360 3964 dicit:
1424 3915 1580 3973 „Cum
1617 3914 1767 3979 igitur
1802 3914 2050 3963 hominum
2087 3929 2226 3963 causa
2263 3928 2404 3962 omne
2435 3914 2513 3978 jus

258 4003 575 4053 constitutum
614 4002 697 4060 ait,
737 4002 891 4067 primo
926 4001 985 4049 de
1020 4016 1329 4065 personarum
1367 4003 1498 4049 statu
1535 3998 1796 4049 dicemus.”

398 4087 435 4149 ³)
504 4087 707 4151 Proprie
741 4102 993 4151 personam
1032 4086 1078 4134 in
1102 4085 1211 4149 jure
1235 4085 1499 4148 significare
1539 4084 1814 4143 „hominem
1846 4082 1974 4147 juria
1997 4081 2334 4148 participem”,
2362 4082 2510 4131 notis·

249 4174 377 4223 sima
412 4189 488 4221 res
521 4175 611 4221 est.

396 4256 437 4319 4)
508 4245 628 4305 'Vide
662 4268 827 4305 aarum
862 4256 915 4314 Ι,
964 4257 987 4315 5
1026 4256 1071 4305 9.
1148 4255 1272 4303 Imt.
1320 4257 1445 4305 Just.
1481 4254 1586 4304 Lib.
1625 4254 1668 4305 1.
1707 4252 1802 4305 Tit.
1839 4252 1868 4301 3
1907 4266 2008 4317 pr.;
2047 4252 2106 4301 ef.
2145 4250 2235 4315 leg.
2275 4251 2322 4301 3.
2357 4248 2418 4299 Ι).
2454 4252 2513 4301 de

248 4346 386 4394 statu
420 4343 539 4392 hom.
577 4341 713 4403 (l.5).

397 4426 435 4487 ὅ)
508 4426 627 4475 Vide
660 4438 825 4475 eaxuu
861 4424 915 4485 Ι,
953 4429 976 4489 5
1012 4427 1094 4475 48.
1164 4426 1286 4474 Inst.
1324 4427 1449 4476 Just.
1488 4424 1597 4473 Lib.
1639 4425 1686 4473 1.
1725 4424 1823 4474 Tit.
1861 4424 1909 4474 8.
1947 4437 2036 4487 pr.;
2077 4421 2137 4472 cf.
2165 4420 2257 4488 leg.
2303 4420 2348 4471 1.
2373 4435 2445 4487 pr.
2470 4418 2516 4469 D

248 4515 316 4565 de
347 4513 425 4563 his
460 4512 542 4578 qui
573 4512 651 4561 sui
684 4513 759 4561 vel
790 4511 937 4561 alieni
959 4508 1092 4573 juris
1124 4515 1251 4562 sunt.
1285 4510 1426 4575 (1.6).
