3027 5263
1525 563 1658 624 202

468 755 815 820 missionem
840 777 947 842 per
970 759 1401 820 testamentum
1434 754 1648 840 respici
1677 777 1799 818 non
1827 754 2134 840 potuerit3
2191 762 2436 841 propter
2463 757 2732 822 eandem

473 904 717 948 causam
764 882 839 948 de
886 881 1291 948 declaratione
1355 905 1390 947 a
1454 882 1704 948 domino
1752 882 2039 968 privatim
2105 882 2293 959 facta,
2348 882 2504 947 velle
2543 906 2610 948 se
2660 891 2736 948 ut

472 1033 679 1076 servus
728 1009 880 1076 liber
910 1011 1028 1089 sit,
1066 1010 1283 1088 verba,
1334 1009 1638 1088 „liberum
1697 1032 1824 1076 esse
1859 1009 2111 1094 jubere’'
2149 1010 2260 1075 hoc
2291 1010 2428 1075 loco
2461 1011 2732 1097 intelligi

472 1147 804 1226 nequeunt.
904 1140 1066 1204 Eum
1116 1162 1236 1204 non
1288 1139 1550 1205 multum
1599 1161 1635 1203 a
1681 1160 1822 1204 vero
1871 1139 2292 1206 aberraturum
2345 1148 2536 1227 puto,
2615 1143 2731 1227 qui

477 1269 593 1333 hac
628 1289 768 1332 voce
817 1267 885 1332 in
931 1266 1064 1354 lege
1110 1267 1480 1355 Salpensana
1529 1267 1931 1354 significatam
1979 1289 2110 1334 esse
2157 1269 2325 1334 dicat
2372 1267 2737 1334 declaratio-

478 1418 617 1462 nem
666 1395 831 1482 apud
880 1395 1318 1482 magistratum.

670 1524 1078 1590 Manumissio
1133 1525 1283 1589 haec
1332 1545 1437 1610 per
1486 1523 1954 1588 declarationem
1973 1571 1989 1600 ,
2038 1529 2111 1588 ut
2157 1523 2244 1588 ita
2291 1523 2488 1590 dicam
2508 1575 2526 1604 ‚
2579 1526 2736 1590 satis

482 1653 733 1719 fortasse
774 1659 899 1719 erat
930 1653 1188 1739 simplex
1197 1679 1215 1732 3
1252 1651 1359 1717 illa
1391 1673 1534 1716 vero
1579 1673 1738 1737 quae
1771 1651 2039 1717 vindicta
2071 1649 2291 1732 fiebat,
2327 1653 2738 1739 peragebatur

486 1783 697 1848 multis
730 1780 1127 1848 sollemnibus
1161 1780 1225 1846 in
1250 1780 1389 1865 jure
1422 1780 1721 1846 Romano·
1771 1779 1992 1845 Paucis
2019 1803 2152 1846 eam
2178 1781 2242 1844 in
2269 1788 2534 1846 mentem
2567 1803 2740 1845 revo-

488 1932 623 1976 care
656 1910 854 1976 liceat.

676 2037 837 2102 Cum
910 2059 1115 2102 servus
1187 2036 1321 2123 ipse
1392 2035 1473 2100 sit
1545 2058 1639 2101 res
1705 2035 2102 2112 vindicanda,
2177 2036 2336 2101 alius
2405 2037 2548 2123 quis
2611 2039 2746 2123 (qui

494 2172 743 2232 vocatur
780 2172 1032 2232 assertor
1079 2164 1403 2242 libertatis3
1444 2162 1802 2252 plerumque
1849 2171 1976 2230 erat
2024 2163 2226 2249 lictor)
2275 2187 2516 2230 servum
2540 2164 2745 2230 vindi-

492 2294 703 2374 cabat3
752 2294 887 2360 loco
931 2294 1141 2360 solitae
1186 2293 1482 2358 formulae
1531 2292 1960 2358 vindicationis
2000 2292 2082 2376 ¹),
2119 2292 2172 2356 is
2199 2293 2308 2377 qui
2350 2291 2737 2371 vindicabat,

494 2425 728 2490 festuca
774 2429 957 2509 caput
1004 2421 1162 2486 servi
1200 2428 1487 2507 tangens:
1593 2418 1824 2497 „Hune
1855 2417 2247 2496 hominem’',
2299 2419 2419 2499 ait,
2457 2442 2578 2497 „ex
2606 2419 2746 2505 jure

498 2551 834 2635 Quiritium
905 2549 1163 2614 liberum
1234 2570 1362 2612 esse
1432 2547 1565 2634 ajo;
1637 2545 1973 2610 seeundum
2047 2567 2220 2609 suam
2293 2567 2534 2610 causam
2591 2547 2751 2611 sicut

502 2682 656 2761 dixi,
704 2702 842 2746 ecce
890 2679 1007 2744 tibi
1053 2678 1383 2742 vindictam
1430 2674 1756 2762 imposui”,
1812 2697 1934 2760 quo
1991 2674 2182 2751 factn,
2238 2697 2346 2760 pro
2395 2673 2572 2740 solita
2621 2676 2754 2739 vin·

503 2811 837 2887 dicat-ione,
888 2808 950 2872 in
1002 2807 1115 2872 hac
1163 2829 1345 2871 causa
1394 2803 1760 2890 sequebatur
1807 2802 2240 2880 manumissio;
2293 2823 2535 2867 servum
2585 2803 2752 2868 enim

504 2959 689 3003 manu
735 2944 983 3012 tenens,
1034 2933 1321 2998 dominus
1368 2932 1516 2997 haec
1549 2930 1730 2995 verba
1761 2928 2228 3015 pronuntiabat:
2281 2928 2516 3007 „Hunc
2549 2930 2748 2994 homi-

509 3090 647 3132 nem
694 3065 957 3130 liberum
1006 3085 1133 3128 esse
1183 3058 1373 3126 volo'’.
1426 3059 1853 3124 Declaratione
1887 3080 1922 3121 a
1957 3062 2314 3145 magistratu
2347 3058 2705 3145 interposita
2731 3107 2749 3136 ‚

512 3195 817 3276 „liberum
888 3214 1018 3258 esse
1075 3188 1389 3267 servum‚”
1451 3189 1767 3275 negotium
1838 3194 2148 3273 peractum
2197 3194 2324 3250 erat
2354 3186 2430 3271 2).
2530 3185 2761 3250 Paucis

514 3324 764 3390 mutatis
858 3321 1065 3386 eadem
1161 3317 1653 3383 manumissionis
1733 3314 1926 3380 forma
2013 3314 2338 3401 Salpensae
2420 3312 2760 3377 obtinuisse

518 3454 778 3520 videtur.

704 3578 837 3644 Iam
923 3574 1322 3663 intelligimus
1409 3571 1718 3659 quomodo
1808 3568 2198 3635 manumissio
2272 3568 2336 3632 in
2411 3565 2770 3652 municipiis

522 3810 752 3863 mentatio
805 3808 895 3858 viri
946 3807 1011 3857 cl.
1060 3817 1257 3855 eamn
1302 3818 1422 3867 quae
1475 3800 1654 3866 prodiit
1704 3799 1756 3848 in
1809 3796 1994 3847 diarioz
2050 3797 2204 3846 Revue
2236 3794 2498 3858 historique
2531 3794 2593 3843 de
2627 3793 2771 3843 Droit

523 3897 759 3961 Franpaie
790 3900 835 3943 et
870 3896 1106 3956 Ele-anyer
1140 3889 1279 3939 4501110
1316 3887 1560 3938 livraison.
1595 3887 1624 3935 J
1631 3885 1764 3935 uillet
1777 3881 1926 3933 -Δοθῐ
1947 3882 2094 3933 1866.
2131 3880 2416 3930 lusci-ibitur
2441 3878 2552 3927 illa:
2581 3878 2678 3938 „La
2695 3878 2774 3927 lex

525 3982 875 4040 Malacitana;”
912 3976 1069 4041 tangit
1103 3980 1272 4027 auctor
1306 3988 1493 4039 quoque
1529 3970 1897 4036 disputationem
1928 3967 2016 4019 viri
2043 3981 2174 4016 cons.
2208 3978 2401 4022 Asnam
2443 3964 2492 4012 in
2529 3967 2667 4029 parte
2703 3978 2778 4011 se·

529 4066 693 4134 quenti
730 4065 868 4115 diarii
904 4064 1043 4129 plura
1077 4061 1386 4129 sezdatumm
1440 4056 1696 4123 promittit.
1766 4054 1981 4104 Sufficiat
2015 4052 2107 4101 hoc
2143 4051 2250 4099 loco
2285 4050 2486 4107 addere,
2526 4052 2772 4097 auctorem

528 4155 579 4205 in
632 4153 891 4220 opinione
880 4150 996 4217 {sua
1032 4149 1089 4199 de
1125 4145 1371 4197 authentia
1416 4142 1691 4194 tabularum
1722 4140 1820 4205 jam
1863 4142 1974 4187 ante
2017 4136 2324 4187 enunciatata
2367 4148 2562 4199 prorsus
2615 4146 2776 4197 perse·

535 4256 720 4388 verat}
786 4323 903 4375 vide
946 4334 1113 4373 emm
1160 4320 1280 4369 Inst.
1318 4316 1423 4366 Lib.
1458 4315 1508 4364 4.
1545 4316 1567 4376 ς
1606 4311 1668 4361 16
1705 4310 1788 4360 ubi
1823 4307 2050 4359 describit
2086 4303 2326 4371 quomodo
2363 4302 2413 4353 in
2451 4303 2534 4352 lite
2569 4262 2782 4368 agatur3

536 4414 648 4483 hic:
652 4416 811 4467 autem
848 4413 919 4460 est
954 4411 1089 4459 actus
1122 4401 1475 4473 J'urisdictionis
1511 4397 1826 4448 voluntariae.

678 4498 717 4562 ⁵1)
788 4496 959 4548 Fusius
995 4494 1055 4542 de
1090 4488 1457 4541 manumissione
1496 4484 1704 4535 vindicta
1739 4480 1838 4549 egit
1871 4490 2022 4539 unm,
2057 4477 2108 4526 in
2137 4470 2775 4541 Op.1aud.p.57o-574.
