3027 5263
1559 553 1690 616 200

501 753 643 818 dum
694 752 745 814 is
794 750 901 836 qui
956 749 1149 812 minor
1202 749 1283 810 20
1338 767 1634 810 annorum
1685 744 1797 810 erit
1832 745 1916 807 ita
1951 744 2370 819 manumittat,
2423 743 2474 806 si
2508 766 2749 808 causam

500 878 970 946 manumittendi
1023 877 1255 962 justam
1320 897 1449 940 esse
1515 875 1571 936 is
1623 894 1909 937 numerus
1957 871 2358 936 decurionum
2405 895 2512 957 per
2561 893 2746 956 quam

498 1010 737 1074 decreta
808 1007 923 1070 hac
992 1005 1123 1089 lege
1194 1002 1353 1066 facta
1423 1009 1555 1065 rata
1627 1008 1770 1066 sunt
1843 999 2202 1064 censuerit.’'
2309 1001 2749 1066 Animadverto

502 1136 728 1221 ubique
776 1136 841 1199 in
891 1133 1005 1197 hoe
1055 1131 1304 1217 Capite,
1358 1139 1659 1214 postrema
1708 1129 1957 1214 periodo
1999 1135 2281 1214 excepta,
2320 1129 2427 1193 ubi
2461 1128 2538 1194 de
2570 1129 2754 1194 liber-

498 1263 643 1328 tatis
692 1261 937 1326 datione
986 1259 1211 1344 agitur,
1249 1258 1369 1322 duo
1395 1256 1683 1322 vocabula
1719 1257 2026 1342 usurpari,
2065 1279 2186 1320 sc.:
2226 1255 2751 1334 „manumittere”

500 1399 562 1456 et
608 1389 911 1469 „liberum
964 1409 1089 1451 esse
1129 1383 1403 1471 jubere.”
1496 1385 1655 1449 Sunt
1685 1407 1828 1449 sane
1863 1385 1970 1470 qui
2005 1384 2380 1450 contendant
2420 1386 2462 1468 ¹)
2512 1391 2752 1450 utrum·

499 1540 618 1603 que
705 1514 861 1580 illud
944 1513 1191 1579 verbum
1258 1513 1335 1578 ad
1403 1511 1652 1578 eandem
1740 1512 2235 1578 manumissionis
2321 1512 2608 1590 formam,
2677 1513 2756 1578 ad

500 1642 1041 1709 manumissionem
1118 1639 1418 1718 vindicta,
1481 1639 1796 1725 respicere,
1899 1639 2018 1703 Vix
2090 1647 2248 1705 reete
2300 1642 2520 1728 opinor
2538 1668 2556 1718 ς
2608 1665 2754 1708 nam

505 1773 556 1836 si
606 1770 883 1835 attendas
946 1767 1023 1832 ad
1082 1767 1408 1844 diversam,
1480 1789 1602 1852 qua
1669 1773 1918 1832 utantur
1968 1767 2116 1832 haec
2164 1767 2454 1834 voeabula
2503 1769 2570 1834 in
2617 1770 2758 1852 jure

501 1899 811 1977 RomanO,
865 1895 1405 1982 significationem,
1456 1894 1560 1960 ubi
1611 1916 1754 1960 voce
1803 1894 2314 1972 „manumittere”
2356 1898 2756 1963 manumissio

502 2025 773 2090 vindicta
819 2023 1155 2100 indicatur,
1210 2021 1516 2086 vocabulis
1569 2044 1707 2086 vero
1758 2022 2063 2100 „liberum
2098 2045 2228 2088 esse
2257 2023 2507 2107 jubere”
2541 2046 2760 2090 manu-

500 2153 705 2222 missio
755 2173 861 2239 per
908 2154 1335 2214 testamentum
1368 2149 1447 2232 ²),
1500 2149 1718 2214 mirum
1768 2171 1892 2214 esse
1940 2151 2156 2235 nequit
2191 2151 2398 2215 eadem
2433 2153 2536 2216 illa
2573 2154 2756 2218 verba

501 2284 569 2348 in
615 2282 748 2366 lege
781 2299 1021 2365 quoque
1054 2275 1423 2362 Salpensana
1459 2277 1698 2342 diverso
1729 2299 1904 2341 sensu
1941 2278 2292 2362 accipienda
2325 2302 2469 2343 esse.
2521 2280 2640 2346 Sed
2673 2304 2754 2347 ne

501 2409 641 2495 quis
704 2407 982 2472 dubitare
1044 2404 1239 2491 possit
1302 2425 1482 2468 sensu
1547 2403 1780 2468 diverso
1844 2405 1994 2489 quin
2061 2406 2412 2492 accipienda
2469 2408 2597 2472 sint
2645 2409 2753 2473 illa

508 2535 685 2601 verba
701 2582 720 2613 ‚
788 2534 937 2599 facit
1000 2531 1269 2598 clausula
1333 2530 1564 2617 Capitis
1581 2579 1599 2610 ,
1669 2531 1776 2596 ubi
1829 2532 1951 2596 duo
2026 2533 2132 2596 illa
2185 2533 2365 2600 verba
2415 2558 2540 2600 non
2591 2537 2755 2602 inve·

502 2667 759 2731 niuntur
799 2663 906 2729 sed
954 2668 1193 2727 tantum
1243 2682 1361 2725 vox
1396 2660 1863 2739 „manumittere
1880 2660 1942 2741 ‚”
1975 2684 2112 2727 cum
2145 2663 2210 2727 in
2247 2664 2482 2750 reliqua
2517 2664 2753 2751 Capitis

506 2800 677 2880 parte
738 2790 967 2875 ubique
1030 2789 1135 2852 illa
1193 2788 1549 2873 jungantur.
1643 2787 1828 2869 Quod
1895 2789 1948 2853 si
2006 2798 2208 2854 teneas
2267 2791 2355 2855 ibi
2414 2814 2754 2859 sermonem

506 2941 631 2985 esse
696 2918 773 2983 de
838 2918 1067 2981 minore
1136 2918 1219 2979 20
1273 2936 1609 2992 annorum,
1677 2916 1770 2979 cui
1831 2915 1966 3000 jure
2014 2917 2288 2982 Romano
2338 2924 2580 2985 tantum
2632 2944 2755 2986 una

498 3046 761 3123 ratione,
813 3066 894 3109 so.
948 3042 1215 3109 vindicta
1265 3044 1694 3108 manumittere
1739 3040 1982 3109 licuerit
2017 3045 2096 3129 ³),
2148 3067 2326 3110 causa
2376 3047 2630 3133 probata
2678 3072 2754 3115 ex

644 3290 680 3351 ι)
752 3288 869 3337 Vide
906 3300 1182 3336 nsauausse
1217 3286 1265 3335 in
1308 3288 1562 3339 comment.
1599 3288 1731 3338 laud.
1769 3304 1817 3352 p.
1857 3289 1948 3347 89,
1989 3290 2071 3337 90.

641 3374 681 3435 ²)
754 3373 869 3421 Vide
905 3385 1095 3429 anun,
1135 3372 1255 3421 Inst.
1290 3371 1395 3423 Lib.
1436 3373 1464 3421 2
1502 3373 1525 3432 ς
1563 3370 1675 3421 267.
1715 3375 1762 3420 et
1799 3374 1918 3422 Inst.
1955 3376 2079 3423 Just.
2116 3374 2219 3424 Lib.
2260 3375 2308 3423 2.
2346 3376 2443 3424 Tit.
2473 3377 2557 3426 24.
2583 3380 2606 3437 ς
2632 3378 2678 3426 2.
2705 3383 2756 3427 et

504 3472 767 3511 nuruum!
806 3459 920 3523 Req.
954 3458 1049 3506 Tit.
1088 3458 1117 3505 2
1157 3455 1249 3518 57.
1290 3457 1349 3507 cf.
1375 3472 1562 3521 quoque
1604 3457 1729 3521 leges
1767 3458 1796 3505 9
1823 3473 1921 3521 pr„
1973 3459 2034 3507 10
2061 3474 2132 3523 pr.
2183 3462 2206 3520 ς
2237 3459 2282 3517 1,
2317 3458 2377 3510 17
2405 3462 2427 3520 5
2453 3460 2500 3509 3.
2529 3466 2577 3510 et
2611 3462 2669 3511 19
2701 3464 2758 3515 D.

504 3548 564 3596 de
598 3562 803 3595 manum.
840 3547 1023 3592 testam.
1064 3544 1237 3604 (40.4).

642 3629 687 3694 ³)
757 3630 915 3678 Gams
948 3644 1059 3676 sane
1094 3627 1233 3675 docet
1269 3628 1405 3685 (last.
1440 3626 1544 3675 Lib.
1585 3627 1628 3676 1.
1667 3628 1688 3687 ς
1727 3626 1826 3677 41.)
1865 3626 2094 3676 minorem
2132 3628 2194 3676 20
2231 3643 2468 3677 annorum
2503 3630 2646 3680 etiam
2682 3632 2757 3681 in·

501 3719 573 3765 ter
610 3715 789 3763 amicos
825 3712 1159 3761 manumittere
1195 3726 1357 3775 posse,
1394 3710 1537 3759 modo
1573 3726 1713 3759 causa
1747 3711 1948 3775 probata
1971 3712 2038 3761 sit
2073 3712 2198 3776 apud
2223 3714 2504 3771 consilium;
2529 3717 2656 3779 quod
2683 3721 2756 3765 ta·

502 3815 611 3851 meu
649 3814 743 3847 nou
780 3798 999 3861 infringit
1035 3796 1406 3861 disputationem
1432 3812 1613 3855 meam;
1641 3810 1750 3845 nam
1788 3796 1875 3843 nisi
1916 3796 2122 3845 vindicta
2155 3798 2546 3849 manumittet-ent
2574 3801 2758 3851 domini

503 3884 712 3933 minores
751 3884 813 3931 20
850 3897 1113 3939 annorum,
1154 3882 1279 3942 (vide
1316 3894 1477 3929 eamn
1515 3880 1564 3939 1,
1604 3882 1687 3941 40)
1725 3881 1934 3930 eiusdem
1959 3882 2256 3930 condicionis
2279 3882 2436 3933 liberti
2467 3900 2559 3932 nou
2582 3886 2760 3935 fiebant

504 3985 595 4033 qua
633 3967 1025 4017 manumittentes
1061 3966 1308 4031 fuissent3}
1346 3966 1384 4014 si
1422 3970 1584 4015 autem
1619 3966 1870 4016 deterioris
1907 3967 2200 4017 condicionis
2239 3967 2436 4017 libertos
2473 3970 2624 4018 facere
2662 3971 2758 4019 vel·

502 4054 605 4103 lent
640 4052 847 4108 domini.
888 4053 1033 4101 etiam
1068 4052 1193 4101 inter
1228 4052 1407 4100 amicos
1444 4066 1585 4100 eausa
1621 4052 1868 4101 aeonsilio
1892 4052 2094 4116 probata
2129 4052 2472 4101 manumittere
2506 4058 2762 4118 poteraut3

508 4139 613 4187 vide
651 4150 818 4186 GAIUM
864 4139 983 4186 [πεί.
1028 4136 1133 4185 Lib.
1174 4137 1197 4187 1
1242 4138 1263 4196 §
1300 4137 1384 4185 41.
1420 4136 1480 4184 ct.
1535 4152 1720 4201 quoque
1759 4150 2024 4186 unvamma
2061 4137 2176 4200 Rey.
2221 4137 2314 4186 Tit.
2358 4138 2403 4186 1.
2440 4140 2462 4199 ς
2501 4139 2683 4189 6—10.
2715 4144 2764 4189 et

505 4236 750 4272 nosrmm
795 4222 1129 4286 Fraqmenta§
1168 4223 1226 4270 13
1266 4222 1375 4285 (15)
1412 4226 1460 4271 et
1500 4224 1561 4269 14
1597 4224 1726 4284 (16);
1765 4223 1855 4271 hoc
1890 4227 2048 4272 tamen
2086 4222 2144 4270 ad
2181 4237 2375 4271 causam
2409 4223 2528 4287 legis
2565 4224 2760 4289 Salpen-

507 4322 649 4357 sanae
684 4306 903 4371 adaptari
940 4306 1126 4370 nequit,
1174 4322 1283 4357 eum
1321 4306 1480 4355 liberti
1527 4307 1703 4372 quippe
1739 4307 1818 4370 qui
1857 4306 2040 4371 optimo
2073 4307 2180 4369 jure
2217 4306 2353 4355 latini
2388 4308 2556 4357 fierent
2593 4309 2760 4373 procul

505 4392 654 4442 dubio
692 4408 748 4440 ex
780 4392 1152 4441 manumissione
1186 4391 1448 4441 secundum
1486 4392 1644 4457 Caput
1681 4392 1743 4441 28
1781 4391 1981 4440 eandem
2018 4392 2348 4442 condicionem
2377 4395 2648 4457 acceperint
2673 4410 2766 4458 qua

514 4476 696 4527 domini
735 4479 1000 4527 uterentur.
