3027 5263
1589 567 1720 628 228

520 764 710 830 Atilia
744 761 1039 848 petendus
1072 767 1189 824 erat
1208 787 1225 840 3
1264 782 1461 844 neque
1496 760 1615 822 nisi
1649 765 1986 844 peteretur,
2043 758 2299 823 dabatur
2331 759 2394 842 ¹).
2454 760 2668 843 Aeque
2715 759 2784 822 in

524 892 656 976 lege
704 890 1069 974 Salpensana
1135 895 1207 950 ut
1268 887 1601 972 postularet
1667 886 1890 970 aliquis
1941 909 2052 971 pro
2099 909 2163 951 se
2227 887 2360 971 ipso
2391 886 2442 969 ²)
2491 885 2618 948 sive
2667 909 2780 970 pro

522 1017 710 1082 altero
760 1024 885 1080 erat
918 1014 1343 1078 necessarium.
1396 1013 1626 1076 Petitio
1657 1013 1878 1076 tutoris
1903 1013 2155 1077 nomine
2183 1012 2403 1097 pupilli
2439 1019 2568 1075 erat
2593 1035 2782 1076 causa

517 1144 831 1230 popularis
873 1143 1009 1226 jure
1061 1142 1331 1204 Romano
1350 1164 1369 1216 ;
1404 1139 1598 1202 cuivis
1631 1139 1844 1202 licebat
1875 1139 2132 1224 pupillis
2167 1145 2434 1202 tutorem
2466 1139 2776 1224 postulare

526 1271 765 1358 (petitio
842 1269 1199 1352 voluntaria)
1238 1267 1323 1350 3);
1406 1266 1720 1330 nonnullis
1782 1267 1968 1330 etiam
2025 1289 2080 1330 v.
2131 1290 2192 1352 g.
2276 1265 2516 1330 libertis
2587 1267 2695 1350 qui
2747 1290 2784 1330 a

524 1406 695 1485 patre
744 1395 964 1482 pupilli
999 1393 1347 1458 manumissi
1396 1399 1604 1470 erant,
1655 1392 1970 1458 necessitas
2005 1392 2253 1476 petendi
2286 1393 2510 1457 tutoris
2542 1393 2782 1457 incum-

527 1525 707 1590 bebat
759 1523 1002 1608 (petitio
1054 1520 1409 1604 necessaria)
1441 1521 1515 1604 4).
1615 1519 1843 1583 Mirum
1894 1541 2014 1582 non
2053 1526 2206 1583 esset
2238 1519 2472 1584 libertis
2509 1521 2781 1604 paternis

523 1651 851 1737 Salpensae
870 1697 887 1726 ,
959 1647 1063 1712 ubi
1106 1647 1207 1732 jus
1254 1652 1614 1732 patronatus
1678 1652 1801 1710 tam
1869 1644 2124 1711 sollicite
2188 1646 2538 1711 ordinatum
2586 1647 2780 1712 fuisse

520 1777 836 1865 apparuit,
890 1775 1051 1840 idem
1098 1774 1367 1839 officium
1416 1773 1775 1859 impositum
1822 1772 2036 1838 fuisse.

716 1904 877 1968 Cum
964 1900 1372 1988 postulatione
1434 1901 1574 1985 jure
1643 1901 1920 1965 Romano
1995 1901 2176 1987 vulgo
2248 1902 2574 1987 conjuncta
2647 1909 2782 1968 erat

520 2033 894 2110 nominatio,
972 2029 1136 2116 quod
1184 2028 1507 2114 Salpensae
1558 2051 1800 2114 quoque
1872 2027 2209 2094 obtinuisse
2275 2052 2349 2096 ex
2417 2031 2630 2117 Capite
2683 2035 2774 2096 29

524 2163 675 2249 legis
725 2160 888 2246 Salp.
940 2167 1205 2243 apparet.
1305 2157 1736 2220 Nominatores
1792 2155 2240 2240 quodammodo
2301 2179 2410 2242 pro
2456 2158 2777 2222 nominato

526 2288 805 2356 obstricti
856 2291 1047 2351 erant.

704 2416 895 2479 Tutor
957 2435 1078 2477 non
1132 2411 1308 2475 datur
1356 2433 1430 2475 ex
1476 2409 1612 2496 lege
1659 2409 2058 2495 Salpensana,
2121 2411 2243 2475 nisi
2301 2433 2478 2476 causa
2527 2412 2775 2498 cognita

516 2544 595 2608 sit
658 2565 693 2607 a
742 2540 1115 2626 magistratu.
1212 2537 1556 2622 Inquiritur
1620 2538 1782 2601 enim
1841 2538 1910 2602 in
1974 2537 2292 2622 facultates
2343 2544 2403 2604 et
2447 2562 2770 2624 personam

518 2672 648 2736 eius
714 2670 817 2755 qui
881 2675 1047 2731 tutor
1095 2666 1445 2730 nominatus
1495 2674 1588 2728 est
1621 2664 1704 2749 ³);
1769 2688 1968 2749 neque
2023 2666 2337 2731 satisdatio
2386 2667 2502 2731 hoc
2551 2668 2774 2754 Capite

526 2798 601 2863 ab
651 2818 722 2861 eo
770 2796 1073 2880 exigitur3
1142 2792 1325 2878 idque
1390 2793 1609 2855 mirum
1659 2813 1785 2855 esse
1835 2814 1957 2856 non
2007 2814 2252 2872 censeo,
2303 2816 2440 2859 cum
2493 2796 2776 2882 exemplo

518 2924 742 2988 fuerint
790 2920 1125 3009 praeceptis
1172 2918 1324 3004 legis
1380 2918 1782 3004 Salpensanae
1831 2919 2052 3004 placita
2108 2920 2261 3007 legis
2309 2920 2562 3000 Atiliae,
2614 2945 2775 3007 quae

514 3072 712 3135 neque
773 3048 1221 3113 satisdationem
1278 3045 1652 3131 requirebat,
1721 3068 1903 3131 quam
1951 3047 2029 3111 ob
2087 3070 2212 3113 rem
2263 3056 2533 3135 tempore
2583 3071 2773 3116 CLAU-

511 3198 607 3241 ΒΗ
655 3182 885 3240 tutores
936 3196 1009 3239 ex
1057 3172 1160 3236 illa
1210 3173 1343 3259 lege
1390 3172 1698 3237 desierunt
1746 3173 1878 3237 dari
1913 3174 1994 3259 ⁶).

698 3303 845 3388 Ipsa
908 3300 1073 3365 datio
1137 3300 1398 3385 denique
1468 3301 1687 3365 tutoris
1750 3323 1785 3365 a
1851 3300 2210 3386 magistratu
2259 3301 2500 3366 decreto
2549 3302 2764 3381 fiebat3

524 3582 931 3595 --.-—--——-

657 3805 690 3866 1)
761 3802 879 3851 Vide
916 3802 1038 3851 last.
1072 3803 1194 3850 Just.
1230 3798 1337 3852 Lib.
1376 3800 1402 3847 1
1442 3800 1541 3849 Tit.
1579 3800 1642 3849 20
1679 3801 1702 3860 5
1742 3801 1794 3858 13
1823 3800 1883 3850 cf.
1909 3798 1998 3865 leg.
2025 3799 2082 3859 3,
2109 3803 2132 3862 5
2161 3801 2190 3851 2
2228 3801 2290 3851 D.
2329 3802 2388 3850 de
2410 3804 2572 3851 tutelis
2595 3805 2775 3867 (26.1).

654 3889 701 3951 ²)
772 3887 1057 3951 Exemplum
1094 3885 1305 3935 mulieris
1340 3901 1429 3951 pro
1454 3900 1503 3933 se
1528 3885 1630 3949 ipsa
1659 3888 1868 3934 tutorem
1905 3885 2106 3950 petentis
2130 3885 2378 3935 iuvenitur
2403 3888 2530 3952 apud
2555 3902 2770 3950 amun,

512 3976 616 4025 Lib.
654 3974 744 4032 39,
784 3974 903 4037 Cap.
942 3974 989 4022 9.

646 4057 685 4119 ³)
760 4058 877 4106 Vide
912 4056 1003 4119 leg.
1044 4057 1100 4115 2,
1139 4072 1213 4121 pr.
1251 4056 1311 4108 D.
1340 4056 1422 4121 qui
1446 4058 1618 4118 petant
1653 4058 1741 4105 tat.
1779 4055 1952 4119 (26.6).

648 4142 690 4204 4)
765 4142 882 4191 Vide
937 4141 1031 4206 leg.
1068 4142 1097 4190 2
1140 4142 1269 4190 laud.
1305 4142 1328 4201 5
1368 4142 1391 4189 1
1442 4141 1598 4190 eiusd.
1646 4141 1743 4190 Tit.
1815 4141 1885 4190 De
1920 4139 2150 4206 petitione
2187 4139 2458 4191 voluntaria
2512 4145 2564 4191 et
2607 4160 2774 4195 neces-

507 4228 634 4279 saria
669 4228 771 4277 fuse
818 4227 1028 4291 disputat
1063 4239 1319 4283 nunnus,
1380 4226 1430 4275 in
1466 4224 1650 4289 Opere:
1709 4228 1810 4276 Dae
1845 4226 1990 4275 Reclat
2021 4226 2106 4275 der
2149 4227 2560 4290 Vormundschafl.
2599 4230 2770 4280 Berlin

514 4315 663 4365 1832.
705 4312 729 4361 Ι
766 4329 812 4377 p.
851 4311 1143 4361 406-436.

649 4396 688 4459 ⁵)
762 4395 878 4444 Vide
915 4396 1035 4445 Inst.
1070 4396 1190 4444 Just.
1232 4395 1335 4446 Lib.
1376 4396 1420 4447 l.
1458 4396 1556 4445 Tit.
1595 4397 1660 4445 20
1695 4396 1790 4458 53.

649 4481 688 4548 θ)
762 4480 879 4529 Vide
918 4493 1181 4541 nunoarr,
1218 4481 1267 4531 in
1308 4483 1394 4547 Op.
1428 4482 1462 4532 l.
1503 4482 1548 4531 1.
1585 4496 1632 4546 p.
1667 4482 1788 4533 439.
