3027 5263
1568 566 1649 631 ⁷8

485 794 624 838 men
669 772 772 835 cui
819 768 1038 833 melius
1092 770 1359 852 potestas
1405 762 1515 828 illa
1562 760 1693 825 dari
1740 759 2072 846 potuisset,
2124 780 2264 824 cum
2298 760 2732 845 proculdubio

487 900 744 964 Senatus
788 896 1100 961 Romanus
1143 894 1210 957 in
1259 890 1408 955 urbe
1453 888 1676 953 Latina
1722 909 1792 951 ea
1839 886 1933 951 uti
1981 908 2105 951 non
2154 888 2473 972 potuisset.

669 1025 890 1089 Postea
933 1028 1148 1087 notum
1197 1025 1290 1083 est
1337 1015 1720 1082 curatoribus
1768 1012 2136 1099 reipublicae
2170 1013 2514 1077 mandatam
2550 1014 2733 1079 fuisse

485 1172 692 1215 curam
763 1156 832 1214 ut
904 1148 1064 1213 cives
1134 1144 1348 1209 domus
1421 1143 1767 1218 reficerent,
1820 1162 1943 1225 quo
1990 1140 2158 1203 iussu
2207 1140 2487 1225 neglecto
2536 1142 2731 1227 ipsius

483 1274 847 1363 reipublicae
919 1270 1266 1358 sumptibus
1337 1266 1801 1333 exstruebantur
1818 1293 1837 1344 3
1889 1289 2010 1351 quo
2062 1266 2222 1330 facto
2269 1272 2478 1331 tamen
2526 1269 2733 1334 aedifi·

484 1402 648 1468 cium
695 1399 968 1487 pignoris
1015 1398 1151 1463 loco
1201 1401 1327 1461 erat
1358 1396 1418 1481 ¹).

669 1526 890 1594 Differt
961 1546 1204 1611 quoque
1268 1545 1303 1587 a
1359 1521 1775 1607 superioribus
1848 1525 2116 1607 potestas
2165 1541 2321 1604 quae
2368 1521 2572 1586 curiae
2619 1523 2727 1587 tri-

481 1654 693 1721 buitur
761 1654 829 1717 in
903 1652 1114 1737 Capite
1192 1652 1272 1715 67
1327 1648 1478 1735 legis
1528 1649 1679 1714 Mal.
1730 1648 1889 1713 Cum
1937 1648 2379 1713 administratio
2428 1648 2727 1735 pecuniae

480 1781 757 1867 publicae
815 1777 1262 1864 magistratibus
1316 1798 1598 1841 concessa
1644 1797 1889 1862 prorsus
1936 1775 2063 1840 fere
2112 1776 2195 1838 sit
2242 1775 2433 1840 libera
2478 1776 2543 1841 in
2594 1800 2727 1843 mu·

481 1905 831 1990 municipiis
879 1904 1101 1969 Flaviis
1149 1926 1348 1989 neque
1395 1925 1653 1989 magnae
1699 1904 1821 1967 sint
1877 1907 2077 1988 partes
2124 1903 2357 1968 ordinis
2406 1904 2474 1967 in
2524 1927 2593 1969 ea
2627 1928 2724 1985 re,

479 2054 606 2097 non
654 2033 799 2095 item
847 2030 922 2095 de
975 2032 1059 2096 iis
1104 2030 1512 2096 constitutum
1562 2036 1687 2107 est,
1738 2029 1847 2115 qui
1896 2052 2263 2115 quocunque
2312 2053 2563 2096 munere
2612 2054 2729 2117 pu-

479 2159 638 2225 blico
685 2159 880 2225 functi
929 2158 1250 2243 pecuniam
1298 2156 1607 2243 publicam
1656 2155 2021 2241 possideant.
2098 2156 2196 2221 Ita
2243 2157 2406 2222 enim
2454 2158 2555 2223 lex
2586 2158 2723 2222 Ma·

478 2286 770 2352 lacitana:
823 2286 999 2368 „Qui
1046 2285 1310 2350 rationes
1358 2305 1707 2349 communes
1755 2284 2149 2368 negotiumve
2198 2282 2359 2367 quod
2404 2306 2725 2349 commune

476 2415 857 2499 municipum
929 2414 1058 2498 ejus
1115 2410 1436 2498 municipii
1499 2410 1750 2495 gesserit
1798 2409 2144 2473 tractaverit
2192 2409 2244 2473 is
2294 2410 2541 2475 heresve
2588 2412 2718 2497 ejus

477 2540 601 2603 isve
651 2538 728 2602 ad
791 2560 974 2622 quem
1039 2559 1112 2601 ea
1175 2560 1269 2601 res
1316 2536 1645 2622 pertinebit
1690 2537 1757 2600 in
1805 2535 2019 2600 diebus
2068 2537 2155 2600 30
2205 2536 2535 2620 proximis»,
2586 2537 2725 2621 qui-

474 2666 590 2732 bus
639 2690 709 2731 ea
755 2665 1001 2750 negotia
1049 2687 1226 2728 easve
1275 2667 1536 2732 rationes
1584 2686 1784 2750 gerere
1832 2668 2089 2728 tractare
2140 2663 2421 2742 desierit,
2475 2664 2723 2749 quibus-

471 2815 588 2878 que
637 2791 992 2856 decuriones
1041 2791 1488 2876 conscriptique
1539 2790 1929 2855 habebuntur
1984 2790 2247 2854 rationes
2304 2791 2470 2855 edito
2518 2791 2719 2857 reddi-

469 2925 656 3003 toque
725 2918 1156 2983 decurionibus
1224 2918 1579 3002 conscriptis
1647 2917 1819 2982 cuive
1885 2917 1959 2982 de
2015 2917 2111 2982 his
2160 2917 2529 3002 accipiendis
2577 2942 2715 3006 cog-

470 3046 784 3112 noscendis
833 3069 908 3110 ex
973 3045 1210 3111 decreto
1259 3045 1575 3130 negotium
1625 3044 1833 3109 datum
1884 3044 2059 3109 erit.’'

657 3172 734 3236 In
785 3173 898 3236 hac
949 3195 1126 3237 causa
1175 3194 1330 3258 quae
1377 3172 1506 3236 sine
1557 3169 1744 3235 dubio
1796 3169 1871 3234 ad
1920 3193 2129 3234 omnes
2176 3176 2410 3256 spectat
2459 3173 2567 3256 qui
2614 3193 2717 3236 ne-

469 3297 704 3382 gotium
752 3297 1066 3382 publicum
1112 3303 1428 3384 gesserunt
1478 3299 1739 3362 Senatus
1787 3297 2171 3383 municipalis
2204 3297 2709 3364 administrationi

467 3396 759 3512 pecuniae
815 3424 1095 3509 publicae
1144 3427 1468 3510 prospicit,
1520 3426 1785 3491 rationes
1836 3425 2055 3510 accipit
2102 3424 2267 3489 haud
2315 3425 2402 3490 ita
2436 3426 2545 3489 diu
2578 3434 2717 3512 post

469 3553 784 3638 negotium
819 3551 1180 3638 perfectum,
1232 3575 1429 3638 neque
1477 3559 1679 3618 tamen
1716 3575 1950 3638 semper
1982 3553 2109 3638 ipse
2128 3578 2147 3630 3
2183 3552 2535 3638 saepissime
2582 3575 2718 3618 eve-

468 3678 562 3742 nit
611 3687 682 3743 ut
727 3679 802 3744 ad
837 3680 1099 3744 rationes
1149 3679 1474 3766 exigendas
1524 3679 1860 3758 secundum
1908 3678 2108 3764 Caput
2160 3681 2243 3742 68
2296 3679 2448 3764 legis
2494 3680 2643 3744 Mal.
2680 3705 2717 3744 a

469 3807 636 3870 curia
669 3813 896 3872 actores
945 3814 1064 3872 tres
1112 3807 1456 3892 eligantur;
1507 3831 1577 3872 eo
1625 3813 1829 3872 tamen
1877 3829 2002 3871 non
2052 3806 2351 3870 minuitur
2383 3808 2714 3872 auctoritas

470 3933 728 3997 Senatus
777 3933 843 3996 in
893 3935 1006 3997 hac
1055 3956 1262 4012 causa,
1315 3957 1454 3999 cum
1504 3934 1777 4020 patronis
1825 3933 1949 3998 illis
1999 3932 2266 3998 officium
2299 3932 2614 3998 incumbat
2650 3941 2720 3999 ut

471 4065 708 4144 tempus
781 4059 854 4122 ab
906 4060 1116 4124 ordine
1179 4061 1493 4147 postulent
1566 4062 1641 4125 ad
1714 4083 1954 4125 causam
2026 4061 2539 4146 cognoscendam,
2595 4084 2722 4146 quo

469 4187 875 4272 praeterlapso
925 4187 998 4251 de
1047 4210 1116 4252 ea
1163 4211 1226 4253 re
1275 4189 1352 4253 ad
1401 4190 1628 4254 curiam
1680 4189 1897 4253 referre
1947 4196 2207 4274 oportet.

615 4445 651 4506 1)
722 4444 826 4494 Vid.
861 4444 896 4493 1.
933 4445 998 4493 46
1035 4446 1104 4494 D.
1139 4447 1200 4495 de
1237 4447 1404 4495 damno
1439 4448 1630 4508 infecto,
1668 4448 1840 4511 (39.2).
