3027 5263
1632 530 1715 590 90

740 720 1000 786 Nullum
1065 722 1132 787 in
1194 744 1263 787 ea
1332 726 1502 807 parte
1574 721 1726 807 legis
1792 720 2199 787 Malacitanae
2249 723 2343 787 vel
2389 724 2804 810 Salpensanae

554 868 707 931 quae
770 848 848 911 ad
910 871 1025 913 nos
1087 850 1363 935 pervenit
1434 848 1729 933 placitum
1778 848 1987 927 adest,
2067 850 2323 933 opinor,
2376 851 2544 936 quod
2592 853 2807 917 doceat

552 979 781 1037 certum
829 974 1003 1040 illum
1061 977 1331 1041 ordinem
1383 976 1655 1055 affuisse,
1708 975 1809 1040 sed
1860 976 1909 1038 si
1959 976 2303 1061 analogiam
2351 977 2616 1043 aliorum
2666 1002 2799 1044 mu-

552 1099 918 1185 nicipiorum
991 1109 1052 1167 et
1121 1103 1350 1168 Romae
1399 1110 1777 1189 spectamus,
1824 1103 1959 1187 jure
2008 1104 2339 1169 contendat
2402 1106 2541 1189 quis
2586 1105 2799 1170 simile

554 1228 702 1313 quid
734 1230 916 1293 etiam
968 1230 1240 1295 Malacae
1288 1238 1348 1295 et
1397 1231 1721 1316 Salpensae
1768 1231 2118 1295 invaluisse.

739 1356 818 1421 In
867 1358 1134 1444 Digestis
1185 1358 1529 1445 complures
1577 1359 1975 1423 inveniuntur
2022 1358 2223 1443 leges,
2275 1358 2497 1443 quibus
2544 1360 2800 1425 honores

549 1482 846 1569 gradatim
898 1486 1206 1551 deferendi
1253 1510 1376 1551 esse
1423 1493 1813 1565 statuuntur3
1867 1509 1923 1550 v.
1975 1510 2036 1571 g.
2088 1487 2155 1549 in
2203 1486 2334 1571 lege
2392 1490 2495 1551 14.
2548 1488 2683 1572 §5.
2720 1488 2797 1553 D.

553 1612 626 1675 de
669 1636 823 1677 mun.
875 1622 933 1677 et
977 1616 1110 1679 hon.
1164 1617 1375 1699 (50.4)
1428 1613 1611 1678 verba
1659 1614 1991 1699 leguntur:
2093 1614 2567 1691 „Gerendorum
2614 1615 2803 1679 hono-

553 1760 688 1802 rum
737 1762 862 1803 non
910 1742 1252 1825 promiscua
1314 1740 1571 1805 facultas
1620 1747 1714 1805 est
1763 1740 1867 1806 sed
1919 1741 2068 1805 ordo
2118 1747 2317 1805 certus
2365 1741 2510 1805 huic
2559 1741 2652 1805 rei
2703 1741 2803 1805 ad-

552 1866 784 1930 hibitus
833 1873 959 1931 est:
1010 1890 1151 1932 nam
1201 1890 1395 1952 neque
1444 1869 1613 1953 prius
1662 1870 1948 1953 majorem
1982 1868 2401 1952 magistratum
2438 1869 2804 1954 quisquam,

551 1992 675 2056 nisi
723 1994 1020 2059 minorem
1073 1996 1438 2081 susceperit,
1492 2018 1699 2081 gerere
1746 2002 1979 2081 potest,
2029 2018 2225 2081 neque
2259 1995 2334 2059 ab
2364 1996 2531 2059 omni
2563 2003 2799 2074 aetate,

551 2142 749 2205 neque
797 2122 1153 2187 continuare
1201 2123 1459 2208 quisque
1508 2124 1768 2187 honores
1817 2129 2021 2208 potest
2055 2120 2159 2205 ¹).”

736 2249 963 2315 Romae
1034 2273 1278 2337 quoque
1352 2257 1553 2315 certus
1628 2252 1929 2315 honorum
1997 2250 2145 2314 ordo
2211 2250 2580 2315 constitutus
2628 2257 2795 2330 erat,

550 2376 714 2461 quod
773 2378 895 2463 jam
944 2380 1216 2464 sequitur
1264 2402 1339 2443 ex
1387 2379 1626 2443 diversa
1673 2385 1868 2443 aetate
1916 2401 2072 2463 quae
2123 2377 2381 2463 singulis
2429 2378 2798 2465 magistrati·

549 2502 667 2568 bus
739 2511 866 2569 erat
931 2506 1179 2571 definita
1202 2507 1272 2593 ²).
1370 2506 1758 2592 Incipiebant
1805 2512 2011 2592 petere
2059 2513 2447 2591 quaesturam
2492 2507 2794 2585 Romani,

551 2652 822 2696 summus
895 2633 1089 2699 honor
1159 2641 1284 2699 erat
1359 2634 1728 2700 consulatus.
1828 2635 2075 2720 Semper
2148 2641 2355 2699 tamen
2404 2641 2467 2698 et
2512 2636 2579 2700 in
2630 2637 2800 2701 omni

549 2779 730 2823 causa
778 2759 956 2826 illum
998 2762 1270 2826 ordinem
1318 2785 1442 2827 non
1493 2762 1877 2828 observatum
1942 2763 2127 2827 fuisse
2176 2770 2412 2827 constat
2442 2763 2509 2848 ³).
2610 2763 2799 2830 Hisce

552 2885 837 2952 omnibus
878 2888 1142 2971 collatiS‚
1196 2896 1428 2955 certum
1478 2891 1753 2955 ordinem
1801 2890 1977 2955 illum
2023 2862 2111 2955 in·
2161 2890 2517 2977 municipiis
2564 2892 2795 2958 nostris

553 3036 797 3101 quoque
843 3024 1140 3083 statutum
1187 3018 1381 3083 fuisse
1430 3041 1664 3084 censeo.

553 3353 676 3404 auch
711 3355 1094 3418 ausgeschlossen
1131 3357 1248 3407 wird
1285 3374 1394 3408 vom
1430 3357 1711 3417 Dnov‘u·at.”
1748 3357 1959 3408 Eandem
2004 3357 2291 3407 sententiam
2327 3360 2491 3408 tuetur
2524 3357 2727 3410 Dunots
2750 3359 2799 3408 in

560 3443 647 3504 Op.
682 3443 715 3492 l.
753 3457 799 3506 p.
841 3442 954 3493 110.
991 3447 1038 3492 et
1072 3443 1186 3492 ibid.
1225 3447 1324 3494 not.
1364 3446 1409 3494 2.
1447 3445 1627 3508 Opinio
1664 3460 1827 3493 eorum
1864 3444 2010 3507 igitur
2045 3444 2320 3507 conjectura
2344 3445 2543 3502 nititur,
2575 3445 2803 3494 interdic·

553 3530 656 3576 tum
691 3526 809 3592 legis
843 3527 902 3576 de
937 3532 1190 3592 quaestura
1226 3533 1273 3578 et
1309 3530 1550 3578 aedilitate
1586 3530 1790 3594 petenda
1826 3545 1911 3593 per
1936 3529 2323 3592 consequentiam
2344 3545 2531 3592 quoque
2548 3529 2609 3578 ad
2636 3530 2801 3579 candi-

553 3611 717 3661 datum
738 3613 975 3662 IIviratus
1011 3620 1242 3679 spectare.
1281 3614 1389 3679 Quo
1427 3619 1585 3663 tamen
1606 3615 1917 3663 fundamento
1940 3614 2107 3662 nititur
2127 3614 2240 3661 haec
2262 3614 2573 3676 conjectura?
2608 3613 2806 3664 Nescire

552 3713 628 3746 me
663 3699 935 3758 fatendum3
972 3716 1083 3749 nam
1117 3701 1220 3764 ipsa
1254 3699 1331 3748 lex
1367 3700 1657 3749 Malacitana
1692 3699 1839 3748 talem
1874 3699 2245 3763 explicationem
2280 3703 2441 3747 vetare
2476 3699 2689 3750 videtur.
2724 3698 2807 3748 Uti

553 3783 678 3832 enim
725 3784 820 3847 jam
857 3785 1046 3844 monui,
1094 3785 1389 3849 praescripta
1425 3799 1543 3848 quae
1580 3784 1639 3833 ad
1675 3784 2053 3848 qualemcunque
2090 3783 2319 3831 honorem
2355 3786 2573 3847 petentes
2608 3782 2805 3850 respici·

554 3873 643 3916 unt
688 3869 918 3918 collocata
970 3875 1082 3920 sunt
1133 3871 1182 3918 in
1218 3870 1372 3935 prima
1411 3869 1530 3931 legis
1564 3874 1718 3934 parte.
1791 3869 1841 3917 Si
1878 3869 1968 3917 hoc
2005 3884 2194 3932 quoque
2228 3868 2580 3932 praescriptum
2615 3868 2679 3917 de
2715 3883 2805 3932 quo

555 3952 656 4017 agit
688 3965 942 4002 nonnanis·
977 3955 1038 4002 ad
1074 3971 1237 4004 omnes
1273 3956 1583 4019 magistratus
1619 3957 1856 4018 spectaret
1892 3954 1940 4001 in
1976 3953 2061 4001 illa
2096 3969 2285 4016 quoque
2305 3957 2441 4017 parte
2466 3952 2583 4016 legis
2604 3957 2803 4002 cautum

555 4041 704 4096 esset,
759 4037 849 4084 nisi
903 4039 1090 4088 affuerit
1136 4043 1295 4088 certus
1350 4039 1467 4088 ordo
1524 4039 1919 4101 magistratuum,
1975 4041 2079 4086 tum
2133 4038 2260 4086 enim
2314 4037 2364 4085 in
2410 4036 2515 4100 lege
2556 4041 2692 4086 recte
2728 4034 2809 4086 illa

555 4121 767 4171 clausula
803 4122 861 4170 ad
917 4123 1129 4171 minores
1181 4127 1369 4173 tantum
1417 4125 1725 4187 magistratus
1760 4123 1991 4180 refertur,
2032 4137 2143 4170 cum
2194 4137 2249 4170 eo
2284 4121 2391 4186 ipso
2428 4119 2579 4169 IIviri
2616 4135 2807 4185 quoquc

557 4208 1036 4271 comprehendantur.
1088 4209 1212 4257 Puto
1249 4214 1499 4258 auctorum
1538 4207 1914 4272 disputationem
1950 4206 2105 4255 redire
2142 4206 2202 4255 ad
2238 4205 2523 4279 petitionem
2557 4203 2807 4272 principii.

703 4293 736 4354 ¹)
805 4293 879 4343 cf.
916 4293 1069 4358 legem
1111 4295 1169 4343 11
1208 4309 1283 4359 pr.
1320 4295 1379 4343 D.
1416 4295 1623 4343 eiusdem
1668 4294 1756 4342 Tit.

695 4375 732 4437 2)
803 4377 874 4427 Cf.
910 4391 1205 4428 ctcsaomm
1240 4378 1292 4427 in
1329 4378 1466 4429 Orat.
1502 4379 1563 4428 de
1597 4381 1699 4442 leqe
1734 4377 1958 4442 ayraria,
1995 4375 2073 4427 11.
2119 4376 2239 4441 Cap.
2278 4376 2323 4425 9.

697 4461 735 4524 ³)
811 4462 924 4511 Vide
959 4476 1250 4514 ciosnonmff
1285 4463 1334 4512 in
1373 4463 1509 4513 Orat.
1540 4479 1631 4524 pro
1668 4462 1879 4513 Plancio.
1916 4461 2032 4525 Cap.
2076 4461 2156 4509 21.
