3027 5263
1609 559 1738 621 192

740 751 1087 818 Accedebat
1144 751 1397 818 fortasse
1445 753 1607 839 quod
1661 753 2047 839 usur-eceptio
2098 777 2172 818 ex
2222 755 2601 839 praediatura
2653 779 2802 842 quo-

554 881 877 946 dammodo
927 887 1017 944 est
1062 879 1277 944 similis
1330 881 1811 966 usureceptionis
1859 904 1931 945 ex
1979 881 2203 946 fiducia
2243 882 2322 965 ¹),
2375 885 2539 949 unde
2593 892 2802 950 tamen

552 1032 673 1074 non
734 1009 1043 1094 sequitur,
1094 1030 1186 1072 res
1236 1030 1389 1092 quae
1450 1008 1902 1093 usureceptioni
1960 1030 2032 1072 ex
2089 1009 2470 1093 praediatura
2517 1011 2800 1092 subsint,

552 1137 763 1203 eodem
831 1137 963 1222 jure
1013 1137 1088 1201 ad
1138 1135 1576 1222 praediatorem
1625 1136 1929 1221 pertinere,
1976 1158 2048 1201 ac
2095 1137 2148 1200 si
2196 1138 2257 1201 in
2309 1160 2488 1202 causa
2537 1141 2803 1205 fiduciae

550 1273 945 1330 versarentur.
1595 1342 1601 1348 ,

738 1391 1233 1478 Usureceptionis
1280 1413 1355 1454 ex
1402 1391 1786 1476 praediatura
1835 1393 2080 1456 effectus
2109 1400 2234 1456 erat
2285 1400 2353 1457 ut
2378 1417 2589 1479 praes„
2629 1396 2681 1459 si
2709 1398 2802 1461 rei

548 1521 978 1608 praediatoris‚
1031 1541 1187 1604 quae
1234 1519 1540 1602 quondam
1592 1541 1703 1583 sua
1751 1518 2002 1599 fuisset,
2055 1521 2491 1605 possessionem
2541 1523 2802 1608 adeptus

548 1657 738 1727 esset,
789 1648 967 1714 solito
1015 1647 1303 1732 temporis
1352 1647 1548 1732 spatio
1599 1669 1730 1711 eam
1782 1669 2107 1732 usucapere
2155 1657 2378 1733 posset.

733 1777 915 1840 Ratio
964 1781 1163 1838 autem
1214 1775 1690 1858 usureceptionis
1737 1797 1815 1838 ex
1865 1775 2250 1860 praediatura
2297 1777 2484 1841 fuisse
2523 1777 2796 1858 videtur,

548 1915 619 1972 ut
674 1905 773 1989 jus
844 1924 1114 1966 severum
1166 1923 1287 1985 quo
1337 1908 1605 1966 uteretur
1653 1901 1992 1987 respublica
2039 1903 2102 1966 in
2155 1903 2454 1968 debitores
2512 1906 2798 1991 publicos

548 2030 989 2119 quodammodo
1040 2029 1435 2114 mitigaretur.
1537 2029 1756 2115 Itaque
1807 2052 1878 2094 ex
1931 2051 2081 2097 GA10
2130 2038 2331 2116 patet,
2394 2035 2596 2116 praedi
2654 2044 2796 2120 post

546 2161 954 2226 venditionem
1007 2158 1136 2222 eius
1184 2157 1475 2221 bonorum
1508 2158 2030 2243 usureceptionem
2083 2159 2332 2223 concedi
2384 2170 2590 2224 contra
2627 2187 2796 2247 prae-

545 2292 873 2365 diatorem3
924 2307 1230 2372 quumque
1280 2286 1419 2350 inde
1472 2294 1757 2372 sequatur
1807 2287 1969 2350 hunc
2017 2286 2258 2351 illorum
2313 2289 2654 2354 dominium
2700 2315 2774 2356 ac

545 2417 857 2505 quisivisse
906 2438 977 2479 ex
1011 2414 1117 2478 illa
1152 2415 1533 2493 venditione,
1587 2437 1826 2478 necesse
1851 2415 2116 2478 -videtur
2149 2425 2217 2478 ut
2246 2415 2485 2480 illorum
2528 2418 2795 2484 virorum

547 2547 857 2611 doctorum
910 2543 1116 2629 opinio
1168 2542 1295 2628 (qui
1345 2541 1509 2606 illam
1564 2543 1970 2607 venditionem
2021 2544 2345 2608 cessionem
2385 2545 2538 2630 juris
2597 2546 2792 2612 debiti

543 2673 822 2760 exigendi
876 2673 1063 2737 fuisse
1115 2672 1355 2751 dicant,
1415 2672 1819 2736 venditionem
1873 2672 2246 2757 praediorum
2294 2697 2435 2738 vero
2461 2676 2795 2742 cessionem

537 2802 689 2888 juris
739 2800 1039 2887 pignoris)
1106 2798 1259 2862 falsa
1309 2821 1435 2863 esse
1488 2806 1807 2863 statuatur.
1909 2800 2002 2863 Ex
2051 2800 2182 2884 lege
2236 2800 2576 2866 venditioni
2629 2803 2794 2868 dicta

542 2929 946 3016 praediatores
982 2949 1072 2990 res
1104 2935 1333 3011 emptas
1384 2925 1446 2989 in
1492 2927 1628 3010 jure
1677 2928 1956 3012 persequi
2012 2934 2282 3013 possunt.
2357 2928 2453 2992 Ita
2505 2932 2667 2994 enim
2721 2934 2786 2996 in

544 3058 759 3143 Capite
812 3060 894 3119 65
948 3054 1098 3140 legis
1149 3053 1551 3119 Malacitanae
1619 3055 1873 3140 legitur:
1928 3053 2145 3137 „Quos
2210 3056 2457 3140 praedes
2516 3080 2792 3144 quaeque

542 3185 790 3273 praedia
839 3204 1107 3269 quosque
1141 3183 1474 3268 cognitores
1500 3182 1688 3247 IIviri
1715 3182 2031 3267 municipii
2058 3182 2254 3246 Flavii
2288 3184 2638 3249 Malacitani
2675 3187 2791 3251 hac

542 3314 675 3399 lege
726 3310 1141 3389 vendiderint,
1195 3310 1268 3374 de
1335 3311 1408 3374 iis
1460 3312 1832 3395 quicumque
1875 3310 2008 3395 jure
2058 3310 2320 3373 dicundo
2369 3313 2659 3395 praeerit,
2714 3314 2790 3377 ad

544 3465 725 3529 quem
755 3442 828 3506 de
856 3462 924 3504 ea
957 3463 1019 3505 re
1054 3441 1113 3503 in
1138 3440 1237 3524 jus
1262 3439 1493 3503 aditum
1522 3437 1664 3515 erit,
1698 3439 1781 3502 ita
1801 3439 1899 3524 jus
1927 3438 2112 3501 dicito
2141 3438 2491 3524 judiciaque
2519 3441 2658 3505 dato
2680 3492 2694 3517 ,
2725 3451 2794 3506 ut

543 3573 598 3638 ei
646 3572 749 3658 qui
800 3592 899 3634 eos
951 3567 1197 3653 praedes
1245 3568 1584 3652 cognitores
1619 3590 1687 3631 ea
1721 3566 1966 3652 praedia
2001 3566 2245 3630 mercati
2280 3574 2488 3644 erunt,
2541 3570 2788 3653 praedes

545 3700 693 3767 socii
745 3696 1115 3780 heredesque
1162 3718 1407 3775 eorum,
1477 3695 1642 3779 iique
1692 3694 1766 3758 ad
1815 3717 1967 3779 quos
2017 3717 2086 3759 ea
2133 3716 2225 3757 res
2275 3696 2645 3779 pertinebit,
2715 3699 2790 3762 de

541 3830 615 3897 iis
664 3826 841 3893 rebus
892 3847 1067 3911 agere
1118 3846 1338 3909 easque
1364 3846 1460 3888 res
1486 3830 1689 3909 petere
1715 3822 1994 3909 persequi
2022 3830 2180 3888 recte·
2213 3823 2510 3907 possint-3²
2562 3824 2792 3889 Omnes

688 4149 723 4212 ¹)
794 4148 912 4199 Vide
948 4162 993 4199 Ε.
1032 4162 1343 4199 ΜΑοΗΕωιιυ
1381 4148 1428 4197 in
1467 4148 1647 4211 Opere:
1694 4146 1884 4197 Theorie
1921 4144 2150 4197 Ge'ne'rale
2183 4147 2266 4195 des
2303 4146 2537 4195 Interdiu
2572 4162 2626 4193 en
2661 4148 2792 4195 droit

541 4236 770 4291 Romaim·
816 4236 1078 4297 expusi.⁴i0n
1117 4232 1337 4284 ddtaille'e
1371 4234 1452 4281 des
1490 4234 1709 4281 interdiu
1739 4233 2064 4296 possessoires.
2100 4232 2237 4280 Paris
2278 4233 2424 4283 1864.
2460 4248 2507 4295 p.
2548 4232 2669 4289 105,
2707 4234 2788 4281 ubi

544 4327 791 4387 postquam
837 4320 894 4367 de
920 4320 1289 4383 ,usureceptione
1326 4333 1379 4365 ex
1402 4317 1576 4366 fiducia
1596 4317 1814 4381 scripsit,
1839 4318 1901 4364 ita
1932 4317 1989 4364 de
2017 4316 2378 4379 usureceptioue
2403 4332 2457 4363 ex
2487 4317 2788 4379 praedictum

542 4407 685 4457 verba
722 4406 860 4453 facita
922 4404 1095 4465 „(Elle)
1136 4418 1255 4451 nous
1310 4409 1498 4451 moutre
1537 4401 1802 4465 egalement
1839 4419 1900 4450 un
1940 4403 2106 4450 ancien
2145 4400 2458 4465 [ιιόρι-ἱὸῐᾶἰτε
2497 4406 2784 4453 recouvrant

544 4508 631 4559 par
666 4490 709 4540 la
746 4489 1016 4557 possession
1055 4503 1146 4538 unc
1182 4487 1324 4537 chose
1366 4487 1478 4553 qu'il
1515 4489 1606 4536 snit
1643 4503 1701 4535 nc
1737 4503 1820 4553 pas
1859 4486 1923 4537 lui
1962 4485 2296 4551 appartenir.''
