3027 5263
1309 610 1390 672 27

217 851 501 915 spernere
571 829 848 915 potuisse
919 827 1180 914 populos
1251 827 1392 892 illos
1461 849 1659 913 neque
1708 833 1841 891 tum
1888 826 2126 914 legibus
2183 825 2477 892 Romanis

217 958 536 1022 adstrictos
612 955 798 1021 fuisse
829 956 908 1039 ¹);
985 955 1149 1040 leges
1223 954 1486 1039 denique
1556 953 1857 1018 Romanas
1906 953 2036 1018 dari
2096 952 2278 1017 simul
2334 974 2477 1016 cum

216 1085 464 1148 civitate
537 1084 678 1148 data
749 1105 921 1147 easve
988 1105 1112 1146 non
1161 1081 1361 1167 vigere
1411 1080 1520 1145 ubi
1569 1081 1779 1145 civitas
1832 1080 1913 1145 sit
1957 1089 2232 1144 recusata
2278 1101 2353 1144 ex
2402 1100 2475 1144 eo

221 1217 476 1296 apparet
546 1209 709 1296 quod
779 1210 944 1295 apud
1013 1214 1241 1273 veteres
1290 1210 1527 1294 saepius
1576 1208 1785 1272 civitas
1831 1207 2104 1272 Romana
2137 1212 2480 1292 opponatur

219 1337 462 1423 legibus
510 1337 731 1421 cuique
778 1335 1013 1421 populo
1061 1335 1401 1420 propriiS.²)

412 1465 556 1528 Jam
605 1462 1083 1547 disputationem
1136 1461 1210 1524 de
1259 1461 1610 1546 municipiis
1657 1460 1723 1524 in
1766 1461 1901 1545 jure
1949 1459 2225 1524 Romano
2277 1457 2475 1523 absol-

222 1615 366 1656 vere
414 1613 696 1676 possum3
751 1612 875 1674 quo
917 1590 1054 1674 jure
1102 1589 1332 1652 fuerint
1379 1587 1561 1652 variis
1588 1588 1961 1673 temporibus
1990 1587 2331 1671 expositum
2363 1592 2474 1651 est.

223 1717 421 1801 Spero
471 1715 596 1779 fore
644 1724 713 1778 ut
774 1716 1096 1800 proficiant
1144 1717 1291 1778 haec
1343 1713 1522 1778 nobis
1572 1721 1646 1777 ut
1692 1714 1942 1778 alteram
1988 1713 2157 1777 illam
2204 1713 2485 1798 gravissi·

224 1867 390 1908 mam
465 1842 885 1927 quaestionem
959 1842 1032 1907 de
1083 1842 1219 1927 jure
1268 1841 1462 1927 ipsius
1509 1841 1785 1906 Malacae
1834 1849 1894 1907 et
1940 1841 2268 1927 Salpensae
2316 1846 2481 1905 recte

225 1970 460 2034 solvere
508 1971 844 2054 possimne.

373 2181 411 2239 ¹)
479 2179 732 2240 HerniciS,
769 2195 814 2230 v.
851 2195 900 2244 g.
936 2178 1110 2228 licebat
1143 2177 1301 2243 legere
1339 2177 1452 2242 quid
1485 2177 1692 2228 mallent
1723 2177 1967 2228 civitatem
2001 2179 2086 2226 aut
2119 2191 2231 2226 snas
2268 2175 2412 2239 leges.

372 2265 412 2329 2)
481 2264 556 2314 cf.
591 2265 701 2314 LIV.
736 2263 843 2314 Lib.
880 2265 934 2322 9,
963 2263 1079 2329 Cap.
1115 2264 1178 2312 45
1200 2263 1300 2313 l.in
1319 2262 1502 2312 verbis:
1540 2277 1715 2326 quum,
1736 2262 1907 2326 quibus
1925 2261 2115 2311 licuerit
2128 2275 2203 2309 no.
2223 2259 2479 2318 Hernicis,

226 2365 340 2400 suas
375 2347 504 2414 leges
539 2349 782 2398 Romanae
817 2348 998 2398 civitati
1033 2347 1439 2413 praeoptaverint.
1487 2347 1561 2397 cf.
1596 2347 1743 2395 etiam
1779 2347 1923 2396 verba
1959 2346 2060 2395 eius
2094 2345 2145 2394 iu
2182 2343 2350 2409 Capite
2387 2345 2479 2395 43.

227 2435 318 2484 ubi
368 2433 572 2498 legiturz
643 2433 999 2494 „Hernicorum
1043 2433 1199 2483 tribus
1244 2432 1460 2498 populien
1518 2431 1803 2493 Alam-inuti,
1858 2431 2123 2492 Verulano,
2178 2429 2477 2480 Ferentinati

228 2517 345 2584 quia
378 2518 652 2570 maluerunt
685 2533 830 2584 quam
865 2517 1133 2578 civitatem,
1170 2533 1282 2569 suae
1319 2517 1446 2582 leges
1479 2515 1742 2568 redditae?
