3027 5263
1601 569 1736 630 221

542 763 671 828 eius
720 761 1034 847 municipii
1085 760 1479 846 postulaverit
1527 761 1621 824 uti
1671 761 1790 825 sibi
1839 768 2100 826 tutorem
2154 762 2291 841 det,
2344 770 2404 828 et
2439 787 2574 829 eum
2603 788 2789 850 quem

542 889 684 954 dare
732 889 893 954 volet
938 888 1379 967 nominaverit,
1431 903 1564 952 tum
1613 887 1666 950 is
1701 911 1735 952 a
1760 910 1883 973 quo
1922 890 2293 974 postulatum
2326 892 2443 955 erit
2478 929 2564 941 -
2602 915 2790 957 causa

541 1017 815 1102 cognita,
888 1017 939 1081 si
1004 1017 1059 1082 ei
1124 1015 1459 1094 videbitur,
1542 1037 1682 1080 eum
1748 1017 1855 1100 qui
1920 1018 2271 1082 nominatus
2336 1020 2453 1083 erit
2515 1026 2788 1084 tutorem

538 1145 701 1210 dato.
822 1145 959 1208 Sive
1055 1144 1113 1207 is
1186 1163 1371 1220 eave,
1447 1143 1624 1207 cuins
1696 1145 1943 1209 nomine
2015 1145 2104 1208 ita
2182 1145 2552 1232 postulatum
2627 1149 2786 1226 erit,

535 1273 843 1361 pupilluS,
912 1271 1222 1360 pupillave
1272 1272 1384 1336 erit
1433 1309 1527 1322 —-
1575 1279 1706 1335 tum
1758 1273 1810 1336 is
1859 1295 1893 1336 a
1941 1297 2062 1358 quo
2112 1274 2196 1337 ita
2243 1274 2616 1359 postulatum
2669 1278 2793 1341 erit

535 1425 712 1466 causa
775 1401 1020 1487 cognita
1083 1437 1177 1448 --
1234 1421 1368 1464 eum
1420 1399 1526 1484 qui
1574 1399 1923 1464 nominatus
1974 1401 2127 1478 erit,
2195 1423 2314 1486 quo
2363 1425 2441 1466 ne
2491 1403 2566 1467 ab
2610 1406 2786 1489 justo

530 1535 728 1593 tutore
776 1529 965 1592 tutela
1015 1527 1221 1604 abeat,
1272 1527 1329 1590 ei
1378 1533 1636 1590 tutorem
1675 1526 1871 1591 dato”.
1925 1528 2319 1613 Perspicuum
2355 1538 2472 1606 est,
2527 1532 2782 1615 opinor,

536 1655 611 1719 ad
661 1654 979 1738 utriusque
1027 1652 1253 1717 tutelae
1304 1674 1495 1737 genus
1545 1654 1836 1738 respicere
1887 1662 2306 1739 argumentum
2360 1657 2540 1720 huius
2599 1657 2788 1743 Capi-

526 1783 605 1845 tis
621 1808 641 1858 3
700 1782 921 1846 etenim
991 1781 1126 1866 ipsa
1195 1779 1346 1864 legis
1410 1779 1589 1843 verba
1655 1780 1922 1845 indicare
1974 1781 2253 1845 videntur
2301 1783 2364 1845 in
2415 1784 2613 1867 priore
2663 1809 2770 1869 pe·

526 1908 695 1973 riodo
754 1907 861 1971 ubi
910 1929 1090 1971 causa
1140 1929 1341 1970 earum
1391 1907 1594 1992 agitur
1643 1930 1842 1992 „quae
1869 1931 1992 1972 non
2041 1917 2182 1972 sunt
2231 1910 2540 1994 pupillae”
2589 1935 2777 1996 quae·

524 2059 641 2121 que
714 2037 878 2121 ipsae
943 2041 1201 2099 tutorem
1276 2040 1539 2119 petunt,
1592 2034 1666 2098 de
1725 2036 1917 2100 tutela
1963 2059 2174 2113 sexuS,
2228 2037 2290 2100 in
2356 2037 2545 2101 altera
2596 2062 2776 2118 vere,

524 2163 631 2227 ubi
694 2185 888 2226 sermo
959 2170 1048 2226 est
1122 2163 1195 2226 de
1271 2184 1340 2225 eo
1391 2163 1543 2246 „qui
1594 2161 1870 2248 pupillus
1924 2163 2225 2249 pupillave
2287 2167 2400 2229 erit
2471 2167 2773 2251 cuiusque

519 2290 769 2355 nomine
834 2289 923 2353 ita
985 2290 1354 2374 postulatum
1406 2291 1547 2369 erit,
1600 2289 1674 2354 de
1722 2290 1916 2354 tutela
1963 2293 2176 2355 aetatis
2226 2299 2472 2356 cautum
2523 2316 2654 2358 esse
2697 2295 2767 2379 ¹).

517 2534 682 2583 tendat
734 2532 853 2580 illud
902 2531 951 2579 in
1002 2533 1158 2580 mente
1195 2531 1312 2594 legis
1348 2531 1559 2580 auctoris
1597 2531 1757 2580 fnisse.
1833 2531 1985 2580 Variis
2019 2533 2175 2582 modis
2212 2532 2296 2581 illa
2336 2535 2479 2582 verba
2515 2536 2769 2586 defendere

512 2622 711 2667 conatus
748 2621 819 2665 est
853 2628 1072 2673 arnano,
1108 2630 1181 2665 me
1210 2615 1373 2679 judice
1408 2620 1566 2665 tamen
1603 2617 1794 2666 frustra.
1841 2616 2006 2665 Primo
2043 2617 2385 2667 animadvertit
2410 2620 2477 2679 (in
2521 2622 2605 2684 Op.
2644 2623 2676 2669 l.
2707 2640 2757 2687 p.

518 2704 647 2751 156:
721 2702 887 2761 „Nous
924 2701 1101 2749 devons
1138 2717 1369 2766 supposer
1416 2717 1507 2765 que
1546 2716 1622 2749 ces
1659 2705 1782 2751 mots
1820 2701 2119 2751 s'entendent
2156 2703 2238 2751 des
2275 2704 2432 2751 divers
2469 2721 2548 2753 cas
2587 2707 2644 2753 de
2683 2723 2764 2756 cu-

518 2786 687 2835 ratelle
722 2791 770 2833 et
805 2790 998 2834 surtout
1038 2785 1096 2833 de
1131 2784 1249 2833 celle
1285 2784 1343 2834 de
1380 2784 1602 2834 l’insensd
1639 2790 1734 2836 etc.
1768 2802 1890 2850 pour
1927 2787 2128 2851 laquelle
2165 2789 2290 2836 aussi
2319 2788 2527 2853 l’emploi
2564 2791 2626 2839 du
2664 2798 2768 2843 mot

514 2876 646 2920 tutor
700 2869 816 2920 &tait
860 2868 1042 2921 usit6.'’
1113 2870 1358 2933 Conjicere
1413 2870 1599 2919 videtur
1636 2875 1828 2929 auctor,
1887 2888 2048 2921 curam
2103 2873 2393 2923 furiosorum
2429 2876 2538 2938 jure
2574 2891 2764 2941 quoque

514 2956 685 3006 Latino
740 2955 1006 3004 obtinuisse
1060 2960 1186 3013 (nam
1241 2956 1385 3004 etiam
1439 2955 1698 3004 secundnm
1753 2958 1854 3004 eius
1889 2958 2174 3006 sententiam
2210 2958 2339 3007 inter
2376 2960 2641 3024 municipes
2681 2965 2762 3026 qui

511 3046 715 3090 tutorem
766 3039 1011 3103 postulant
1045 3045 1157 3088 sunt
1201 3040 1403 3097 Latini),
1442 3040 1573 3103 quod
1614 3040 1727 3087 mibi
1773 3056 1960 3105 quoque
2004 3042 2248 3106 probabile
2295 3044 2510 3101 videtur,
2550 3050 2761 3095 attamen

512 3130 694 3173 certum
742 3140 835 3172 non
875 3130 960 3172 est.
1028 3124 1283 3173 Praeterea
1320 3124 1421 3172 eius
1457 3124 1730 3189 opinionem
1768 3124 2074 3187 rejiciendam
2109 3142 2209 3175 esse
2247 3133 2393 3191 puto;
2441 3135 2579 3178 acute
2635 3132 2760 3180 enirn

512 3223 709 3257 Annn‘rs
746 3210 995 3270 (Kritisohe
1038 3209 1329 3259 Ueberschau
1366 3225 1413 3273 p.
1461 3210 1580 3269 419)
1627 3209 1990 3267 animadvertit,
2043 3210 2164 3259 hanc
2201 3211 2525 3273 conjecturam
2565 3216 2759 3264 admitti

510 3310 606 3343 non
656 3309 790 3359 posse
846 3309 953 3342 cum
1001 3294 1075 3343 lex
1127 3298 1290 3343 nostra
1332 3294 1376 3341 ei
1416 3295 1496 3357 qui
1533 3294 1869 3358 pupillus-non
1909 3295 1970 3343 sit
2012 3295 2228 3357 injungat
2274 3301 2330 3344 ut
2363 3302 2496 3361 petat
2529 3303 2757 3349 tutorem.

510 3380 737 3429 Furiosus
772 3382 930 3428 autem
968 3382 1233 3427 curatorem
1270 3384 1429 3443 petere
1466 3380 1646 3443 nequit.
1719 3380 1876 3428 Multo
1915 3380 2070 3428 minus
2105 3382 2295 3445 expedit
2330 3383 2598 3432 observatio
2633 3387 2756 3434 eius·

510 3465 613 3511 dem
634 3463 841 3512 auctoris
859 3465 1070 3522 (olnam)
1090 3463 1137 3511 in
1164 3465 1247 3525 Op.
1266 3464 1299 3511 l.
1326 3465 1439 3526 153)
1464 3479 1626 3511 vocem
1656 3464 1953 3529 „pupillum”
1981 3481 2319 3529 nonnunquam
2341 3470 2563 3531 usurpari
2586 3469 2758 3520 latiore

508 3564 674 3604 sensu,
712 3564 821 3597 nam
857 3550 1123 3611 quicunque
1159 3548 1349 3596 tandem
1384 3548 1493 3596 finis
1535 3549 1758 3613 pupillari
1795 3549 1939 3597 aetati
1976 3550 2193 3598 definitus
2229 3566 2330 3599 esse
2367 3558 2637 3612 censeatur,
2680 3556 2758 3603 lex

508 3634 797 3697 Salpensana
834 3632 1029 3681 omnino
1066 3632 1281 3696 loquitur
1318 3633 1375 3680 de
1412 3636 1570 3681 tutore
1608 3634 1812 3698 petendo
1848 3634 1906 3681 ab
1945 3650 2000 3683 eo
2037 3634 2115 3698 qui
2152 3651 2243 3683 non
2279 3640 2350 3684 est
2385 3637 2615 3701 pupillae.

588 3768 593 3774 ,
643 3715 876 3781 Equidem
924 3720 1040 3781 puto
1097 3716 1228 3765 nullo
1276 3717 1419 3765 modo
1461 3716 1588 3779 justa
1636 3717 1826 3781 probari
1875 3734 2012 3781 posse
2058 3718 2200 3767 verba
2236 3719 2318 3767 illa
2355 3720 2495 3782 legis,
2553 3723 2756 3772 eandem

506 3817 596 3867 que
641 3802 957 3864 negligentem
994 3801 1257 3849 orationem
1294 3800 1386 3849 hoc
1422 3801 1528 3850 loco
1587 3801 1875 3865 deprehendi
1911 3802 2117 3851 arbitror
2155 3818 2276 3866 quae
2312 3804 2456 3852 etiam
2492 3805 2598 3854 aliis
2635 3806 2756 3855 loeis

504 3889 554 3936 in
592 3887 695 3951 lege
732 3892 894 3935 nostra
927 3885 1199 3943 invenitur;
1236 3886 1295 3935 cf.
1333 3886 1390 3933 de
1427 3886 1516 3934 hac
1553 3901 1603 3934 re
1629 3899 1877 3935 manasen
1901 3886 1952 3935 in
1982 3888 2225 3938 Commeat.
2249 3889 2379 3937 laud.
2407 3906 2454 3953 p.
2480 3888 2599 3941 705.

643 3972 683 4033 2)
752 3984 1027 4028 maenam,
1068 3970 1225 4019 neseio
1263 3986 1355 4035 quo
1384 3971 1524 4034 jure,
1562 3971 1611 4019 in
1652 3973 1902 4021 Commeat.
1939 3972 2069 4022 laud.
2105 3988 2150 4037 p.
2192 3970 2289 4022 705
2333 3974 2391 4021 de
2428 3990 2523 4023 uno
2561 3978 2752 4026 tantum

500 4073 671 4123 genere
723 4055 897 4105 tutelae
949 4056 1040 4105 hoc
1094 4056 1260 4119 Capite
1298 4060 1481 4105 cautum
1524 4071 1624 4104 esse
1660 4063 1812 4120 putat.
1886 4058 1960 4105 lta
2003 4058 2240 4122 disputat:
2290 4060 2439 4116 „Man
2482 4060 2622 4109 sollte
2664 4064 2756 4111 auf

504 4144 593 4192 den
642 4146 799 4191 ersten
852 4140 990 4189 Blick
1026 4157 1083 4189 zu
1121 4141 1204 4188 der
1253 4141 1644 4204 Voraussetzung
1691 4142 1881 4205 geneigt
1916 4142 2014 4193 sein
2055 4142 2164 4189 dasz
2200 4158 2256 4190 zu
2293 4144 2484 4206 Anfang
2522 4158 2616 4193 von
2657 4146 2755 4196 den

505 4226 837 4276 Vormiindern
886 4226 963 4274 fiir
1017 4224 1374 4289 Nichtpnpillen
1416 4226 1490 4273 die
1529 4225 1658 4275 Rede
1693 4227 1760 4275 sei
1800 4227 1893 4275 und
1935 4231 2030 4276 erst
2065 4226 2312 4275 hinterher
2347 4243 2404 4275 zu
2439 4229 2530 4275 den
2567 4230 2752 4294 cigent-

503 4314 659 4363 lichen
702 4311 1038 4373 Unmiindigen
1083 4310 1441 4375 iibergegangen
1480 4313 1634 4359 werde
1650 4348 1797 4363 .....

638 4396 804 4445 Indees
852 4396 925 4445 bei
963 4396 1162 4445 nabet-er
1200 4397 1417 4462 Priifung
1454 4396 1712 4462 iiberzeugt
1749 4414 1854 4446 man
1896 4398 1997 4448 sich
2033 4398 2142 4447 dasz
2179 4397 2261 4446 der
2299 4397 2348 4447 in
2375 4398 2457 4447 der
2484 4399 2747 4452 Redaetion

506 4482 589 4533 des
627 4482 740 4549 cap.
783 4482 845 4530 29
882 4480 1304 4547 hervorgehobene
1341 4482 1602 4545 Gegensatz
1647 4482 1778 4530 nicht
1815 4496 1906 4529 von
1944 4482 2029 4531 der
2067 4482 2443 4532 Beechaffenheit
2477 4483 2563 4532 der
2600 4486 2748 4535 Miiu-
