3027 5263
1654 619 1737 680 30

577 818 885 884 civitatem
957 813 1320 880 foederatam
1387 817 1630 889 narrat,
1680 831 1939 896 quarum
1984 815 2109 874 tres
2154 811 2220 874 in
2276 809 2530 875 Baetica
2578 812 2837 877 fuerint.

577 944 722 1027 Quo
751 944 986 1009 foedere
1009 940 1298 1010 Romanis
1323 941 1650 1027 conjuncta
1676 939 1857 1004 fuerit
1888 959 2087 1024 neque
2120 937 2195 1002 ab
2228 961 2301 1002 eo
2332 937 2599 1004 traditur
2628 963 2839 1026 neque

579 1072 828 1138 aliunde
873 1071 1051 1136 nobis
1099 1079 1314 1135 notum
1365 1077 1472 1133 est.
1566 1067 1717 1133 Fuit
1765 1068 1955 1153 igitur
2013 1067 2155 1132 urbs
2204 1067 2508 1132 foederata
2556 1074 2837 1154 tempore

577 1219 844 1266 AUGUSTI
861 1223 882 1277 ς
933 1204 1168 1263 constat
1216 1197 1379 1261 enim
1427 1215 1697 1260 Pmmtm
1746 1195 1933 1260 huius
1978 1194 2370 1281 Imperatoris
2418 1201 2683 1260 aetatem
2730 1196 2837 1262 de-

579 1327 886 1413 scripsisse
944 1347 1143 1410 neque
1194 1324 1577 1412 singularum
1626 1345 1826 1388 rerum
1876 1321 2227 1387 mutationis
2276 1328 2415 1407 post
2462 1343 2600 1387 eum
2650 1324 2840 1388 ratio·

576 1475 719 1520 nem
765 1453 1046 1519 habuisse
1088 1453 1150 1537 ¹).
1249 1449 1378 1516 Sub
1425 1469 1801 1516 VESPASIANO
1841 1449 2214 1536 Imperatore
2246 1449 2652 1514 mutationem
2676 1450 2839 1536 juris

578 1580 915 1668 Hispaniae
964 1578 1256 1644 accidisse
1303 1578 1468 1642 idem
1516 1584 1727 1642 auctor
1757 1577 2010 1641 tradidit
2024 1603 2043 1656 3
2100 1577 2344 1662 scripsit
2378 1577 2544 1640 enim
2568 1577 2656 1658 2):

767 1707 1248 1786 „VEsPAsmnus
1309 1704 1623 1768 universae
1696 1703 2033 1789 Hispaniae
2074 1703 2339 1788 jactatus
2385 1702 2669 1788 procellis
2715 1703 2837 1768 La-

581 1835 741 1899 tium
787 1832 1008 1896 tribuit
1024 1829 1084 1909 ,”
1135 1831 1298 1895 unde
1344 1837 1482 1895 tuto
1549 1830 1907 1897 concludere
1956 1831 2099 1896 licet
2153 1830 2591 1918 Imperatorem
2638 1831 2837 1897 Mala·

584 1981 688 2025 eae
735 1980 980 2046 quoque
1021 1958 1124 2043 jus
1173 1957 1328 2023 illud
1375 1957 1680 2023 tribuisse.

767 2085 862 2150 De
909 2085 1202 2171 Salpensa
1250 2085 1454 2150 minus
1501 2089 1779 2150 accurate
1833 2102 2082 2149 PLINIUS
2144 2084 2389 2149 locutus
2438 2090 2565 2167 est3
2618 2086 2836 2152 urbem

581 2235 724 2278 sane
771 2219 1094 2294 memorat,
1149 2235 1272 2298 quo
1320 2213 1454 2299 jure
1501 2219 1705 2276 tamen
1756 2211 1936 2276 fuerit
1984 2234 2107 2276 non
2157 2212 2365 2291 addit,
2416 2235 2599 2299 quam
2650 2213 2843 2300 negli-

580 2341 849 2427 gentiam
896 2339 1181 2426 supplere
1229 2347 1527 2405 conantur
1573 2339 1685 2402 viri
1736 2338 1902 2402 docti
1950 2339 2132 2403 variis
2157 2339 2519 2425 conjecturis
2554 2339 2625 2425 3).
2678 2339 2837 2404 Cum

582 2473 786 2532 autem
856 2467 1030 2532 nulla
1095 2474 1451 2554 argumenta
1518 2465 1871 2543 attulerint,
1923 2489 2016 2530 res
2063 2465 2295 2530 incerta
2342 2473 2566 2532 manet.
2668 2467 2840 2550 Quo-

584 2615 708 2682 quo
764 2617 906 2662 vero
970 2600 1148 2659 antea
1212 2594 1348 2681 jure
1417 2592 1579 2673 fuit,
1646 2615 1784 2659 cum
1847 2613 2261 2660 vssrasrarms
2322 2595 2438 2660 toti
2494 2595 2838 2683 Hispaniae

583 2724 683 2789 ius
755 2723 922 2789 Latii
987 2721 1304 2803 tribuerit,
1370 2721 1722 2809 Salpensam
1787 2721 1974 2787 etiam
2042 2723 2160 2787 hoc
2217 2722 2512 2789 beneficio
2562 2725 2837 2789 affectam

583 2850 775 2917 fuisse
823 2872 1059 2914 censeo.

776 2977 1086 3042 Historico
1177 2975 1577 3042 fundamento
1649 2976 1838 3061 igitur
1924 2996 2236 3040 MOMMSEN
2323 2976 2443 3041 niti
2532 2978 2835 3043 contendo
2990 2966 2993 3166 l

587 3126 727 3169 cum
798 3104 1012 3171 Latini
1077 3104 1234 3190 juris
1297 3105 1488 3170 fuisse
1560 3104 1737 3169 hasce
1810 3103 1985 3168 urbes
2058 3104 2221 3168 dicat
2262 3104 2348 3189 4),
2424 3104 2589 3189 quod
2652 3128 2833 3189 quam

585 3238 748 3295 recte
799 3233 1116 3296 conveniat
1181 3254 1322 3295 cum
1368 3232 1573 3317 legum
1632 3231 1898 3317 ipsarum
1949 3230 2190 3315 placitis
2238 3236 2447 3316 postea
2496 3232 2830 3317 apparebit.

587 3358 802 3423 ZUMPT
859 3365 1070 3423 contra
1142 3358 1483 3424 doctrinam
1539 3358 1708 3423 illam
1766 3365 2007 3423 secutus
2066 3358 2405 3444 municipia
2462 3364 2607 3422 nota
2656 3360 2836 3425 fuisse

1705 3462 1724 3479 ·
2989 3448 2990 3481 ι

588 3484 760 3549 nulla
825 3485 890 3549 in
947 3485 1096 3552 Jure
1159 3486 1436 3551 Romano
1499 3486 1619 3551 nisi
1667 3485 1889 3551 civium
1953 3485 2407 3565 Romanorum,
2457 3508 2597 3551 cum
2646 3485 2839 3551 Mala·

739 3831 772 3891 ¹)
843 3832 919 3883 Cf.
955 3846 1144 3891 zonat,
1175 3834 1310 3883 Stud.
1335 3835 1468 3883 Rom.
1494 3850 1543 3897 p.
1568 3834 1695 3891 312,
1723 3836 1771 3881 et
1796 3832 1998 3883 eundem
2022 3836 2265 3882 auctorem
2283 3831 2385 3895 jam
2410 3835 2550 3881 autea
2574 3832 2623 3881 in
2658 3832 2831 3897 Opere:

596 3916 1048 3965 Commentationum
1104 3918 1535 3982 Epiyraphicarum
1586 3918 1655 3965 ad
1695 3917 2011 3981 Antiquitates
2054 3918 2296 3966 Romanas
2324 3917 2661 3979 pertinentium
2696 3917 2835 3966 Volu-
2987 3978 2988 3985 ἵ

591 4014 700 4047 men
733 3998 790 4057 1,
826 4015 876 4065 p.
917 4000 1029 4049 198.
2987 3988 2988 3997 ¹

731 4082 770 4147 2)
844 4086 972 4134 Hist.
1009 4086 1117 4135 Nat.
1156 4086 1264 4143 ΙΙΙ,
1306 4087 1362 4144 3,
1403 4086 1486 4135 30.

731 4167 770 4231 ³)
841 4169 1144 4228 Moumsm,
1205 4172 1386 4221 Stadtr.
1421 4187 1468 4234 p.
1518 4170 1615 4220 399
1652 4174 1752 4220 not.
1791 4171 1881 4229 21,
1933 4170 2139 4233 conjecit
2186 4169 2463 4234 Salpensam
2496 4170 2641 4218 fuisse
2675 4170 2835 4221 urbem

590 4251 950 4316 stipendiariam
985 4254 1117 4301 cuius
1154 4256 1338 4318 generis
1375 4267 1605 4312 sumus,
1645 4254 1717 4303 l.l
1776 4255 1871 4304 120
1908 4255 1957 4303 in
1998 4254 2229 4320 Hispania
2266 4253 2410 4303 fuisse
2447 4252 2583 4310 dicit,
2628 4270 2744 4318 quas
2771 4260 2834 4305 ta·

591 4351 701 4384 men
738 4352 835 4385 non
871 4342 1132 4386 enumerat.
1203 4340 1401 4397 marr,
1437 4340 1573 4389 Scad.
1598 4338 1727 4388 Rom.
1770 4355 1819 4403 p.
1846 4340 1975 4398 319,
1998 4343 2170 4387 contra
2207 4339 2455 4402 proposuit
2486 4354 2593 4388 eam
2626 4339 2832 4390 foedera·

591 4425 693 4471 tam
727 4421 883 4470 fuisse.

729 4503 772 4565 4)
845 4506 1010 4555 Eidem
1047 4505 1309 4556 sententiae
1347 4508 1472 4557 favet
1507 4522 1697 4571 quoque
1732 4520 1990 4558 Romnum
2026 4508 2076 4555 in
2116 4509 2363 4559 Comment.
2400 4509 2433 4558 I.
2470 4522 2519 4570 p.
2556 4506 2639 4558 71.
