3027 5263
1627 585 1710 644 98

545 786 686 850 niae
734 780 1015 869 publicae
1064 776 1348 842 mandata
1395 781 1520 855 est,
1558 773 1829 839 Malacae
1878 773 2043 839 hisce
2093 772 2375 839 omnibus
2426 774 2621 840 Hviri
2656 784 2810 842 sunt

553 908 899 999 praepositi.

730 1037 825 1100 De
875 1031 1131 1117 singulis
1179 1029 1505 1096 videamus.

728 1161 956 1238 IIviri,
1029 1160 1135 1244 qui
1194 1157 1375 1243 vulgo
1451 1177 1702 1219 numero
1774 1160 1916 1218 sunt
1966 1154 2125 1231 du0,
2180 1155 2269 1219 uti
2317 1155 2520 1240 ipsum
2571 1179 2801 1221 nomen

539 1293 667 1377 jam
739 1289 974 1353 indicat
1013 1289 1100 1371 ¹),
1158 1287 1287 1372 pari
1353 1291 1651 1370 potestate
1702 1270 1960 1347 utuntur
1976 1310 1994 1361 ς
2060 1283 2353 1367 dignitate
2405 1307 2544 1348 vero
2597 1286 2801 1349 minor

540 1425 696 1484 natu
746 1417 955 1502 majori
1005 1416 1183 1480 cedit.
1237 1413 1599 1497 Exemplum
1651 1418 1847 1475 exstat
1896 1412 1961 1475 in
2008 1411 2225 1496 Capite
2279 1415 2362 1475 52
2414 1412 2565 1496 legis
2600 1414 2798 1492 Mal„

537 1545 646 1611 ubi
717 1544 974 1629 legiturx
1053 1542 1194 1621 „Ex
1265 1541 1479 1605 IIviris
1544 1539 1653 1623 qui
1718 1559 1883 1602 nuno
1954 1544 2135 1615 sunt,
2202 1538 2347 1601 item
2414 1560 2488 1602 ex
2557 1540 2635 1603 iis
2688 1540 2797 1623 qui

540 1672 824 1755 deinceps
895 1670 964 1733 in
1035 1691 1106 1732 eo
1170 1666 1496 1750 municipio
1545 1665 1734 1729 Hviri
1788 1670 1966 1729 erunt
2016 1671 2149 1728 uter
2196 1665 2383 1748 major
2432 1672 2581 1729 natu
2632 1668 2796 1744 erit,

540 1804 681 1876 aut,
749 1797 802 1859 si
850 1796 904 1859 ei
956 1816 1134 1858 causa
1184 1816 1335 1878 quae
1386 1792 1670 1855 inciderit
1718 1792 2043 1875 quominus
2092 1792 2337 1855 comitia
2388 1792 2606 1857 habere
2657 1817 2798 1878 pos-

542 1926 661 2000 sit,
709 1929 843 1985 tum
891 1921 1041 1984 alter
1090 1942 1158 1982 ex
1195 1920 1288 1982 his
1337 1918 1586 1981 comitia
1633 1917 1916 1981 habet0.'’
2010 1918 2239 1981 Romae
2273 1941 2515 2002 quoque
2568 1921 2799 2004 majore

541 2049 772 2113 honore
845 2069 915 2112 ac
979 2046 1275 2130 dignitate
1325 2043 1628 2128 gaudebat
1678 2043 1889 2107 consul
1954 2045 2142 2127 major
2204 2054 2354 2107 natu
2387 2046 2483 2127 ²),
2532 2054 2595 2108 et
2644 2046 2793 2110 licet

541 2183 699 2240 recte
751 2172 1189 2237 animadvertat
1236 2170 1625 2234 LABOULAYE
1662 2171 1708 2251 ³)
1758 2170 1983 2232 Romae
2033 2180 2254 2233 sortem
2307 2171 2602 2235 indicasse
2658 2179 2794 2236 uter

543 2326 617 2366 ex
666 2300 1017 2366 consulibus
1091 2298 1336 2362 haberet
1387 2297 1633 2359 comitia
1668 2296 1749 2378 4),
1801 2318 2062 2379 aequum
2114 2303 2317 2359 tamen
2370 2295 2604 2361 videtur
2676 2299 2792 2363 hoc

542 2431 926 2506 institutum,
978 2450 1091 2491 nec
1140 2424 1506 2491 contrarium
1558 2423 1797 2508 legibus
1846 2424 2158 2487 Romanis.

727 2554 979 2639 Saepius
1052 2552 1238 2615 IIviri
1286 2558 1577 2613 ornant-ur
1626 2550 1984 2634 cognomine
2033 2550 2194 2631 „juri
2243 2549 2550 2614 dicundo”
2571 2600 2589 2629 ,
2643 2575 2792 2638 quo·

537 2683 704 2747 niam
770 2678 1116 2765 jurisdictio
1193 2699 1370 2760 quam
1437 2676 1743 2741 habebant
1770 2724 1787 2754 ‚
1838 2676 1904 2740 in
1952 2677 2306 2763 municipiis
2353 2679 2616 2744 maxima
2666 2681 2791 2746 fere

541 2815 669 2874 erat
716 2829 922 2872 eorum
974 2810 1254 2890 potestas.

725 2932 944 2998 IIviris
993 2927 1372 3015 competebat
1413 2926 1755 3012 jurisdictio
1804 2950 1961 3013 quae
2012 2927 2233 2992 dicitur
2298 2928 2495 2991 civilis
2544 2934 2615 2991 ut
2667 2931 2788 2994 dis·

533 3061 853 3146 tinguatur
917 3081 952 3122 a
992 3057 1412 3142 jurisdictione
1477 3055 1819 3132 criminali,
1894 3078 2014 3140 qua
2078 3078 2201 3120 non
2252 3056 2615 3134 utebantur,
2671 3059 2789 3124 nisi

534 3188 756 3272 exigua
827 3209 903 3250 ex
972 3191 1179 3270 parte,
1262 3190 1562 3269 quatenus
1643 3183 1992 3268 jurisdictio
2079 3184 2209 3246 sine
2297 3184 2537 3248 modica
2628 3209 2791 3251 coer·

672 3461 707 3522 ι)
782 3459 888 3507 Una
942 3463 1098 3508 tamen
1148 3474 1290 3507 causa
1325 3459 1374 3508 in
1412 3459 1515 3524 lege
1552 3459 1843 3523 Salpensana
1879 3462 2173 3508 memoratur
2207 3458 2287 3507 ubi
2326 3475 2448 3508 unus
2484 3459 2614 3508 Ilvir
2652 3477 2786 3510 crea·

529 3547 697 3603 batur,
734 3544 918 3593 scilicet
953 3559 1061 3592 cum
1097 3544 1227 3591 llvir
1264 3548 1504 3592 crearetur
1546 3544 1814 3606 imperator
1852 3556 2189 3590 nominamus.
2236 3543 2383 3590 Verba
2419 3544 2545 3592 enim
2572 3545 2696 3609 Cap.
2728 3548 2792 3594 24

518 3635 655 3680 sunt:
712 3629 1011 3694 „praefectus
1065 3635 1150 3690 (sc.
1207 3639 1465 3686 causensis)
1503 3644 1559 3675 eo
1591 3628 1699 3690 jure
1737 3632 1872 3684 esto,
1912 3643 2005 3690 quo
2042 3630 2168 3674 esset
2205 3628 2246 3674 si
2284 3642 2392 3674 eum
2434 3627 2641 3675 lIvirnm
2678 3631 2789 3693 J'ure

525 3714 733 3764 dicundo
770 3730 826 3762 cx
863 3714 951 3764 hac
988 3714 1090 3776 lege
1126 3713 1280 3762 solum
1319 3713 1473 3760 creari
1510 3712 1801 3775 oportuisset
1836 3711 1970 3774 isque
1997 3726 2053 3757 ex
2092 3711 2179 3758 hac
2217 3711 2320 3773 lege
2354 3711 2486 3758 solus
2514 3713 2642 3760 llvir
2674 3713 2784 3776 jure

523 3799 730 3847 dicundo
769 3804 954 3846 creatus
992 3796 1160 3845 esset‘'.
1212 3797 1494 3858 Respiciunt
1533 3798 1656 3844 enim
1694 3796 1777 3842 illa
1814 3797 1979 3852 verba,
2024 3794 2137 3842 licet
2186 3794 2475 3858 obloquatur
2494 3809 2690 3844 emam>
2718 3798 2785 3852 (in

531 3885 616 3943 Op.
665 3885 698 3929 l.
736 3899 784 3944 p.
822 3883 930 3943 49),
972 3883 1030 3929 ad
1069 3897 1213 3928 unum
1267 3880 1479 3928 IIvirum
1531 3885 1770 3935 creatum;
1820 3879 2114 3943 probabilius
2162 3877 2281 3926 illud
2330 3879 2475 3926 etiam
2512 3880 2566 3926 fit
2600 3882 2785 3930 collato

522 3967 691 4030 Capite
729 3967 820 4022 25,
871 3966 1068 4028 ubiprae
1107 3967 1232 4014 fecto
1269 3964 1414 4013 llviri
1459 3965 1508 4014 id
1532 3965 1619 4026 *jus
1656 3979 1709 4012 ea
1744 3969 1955 4028 potestas
1994 3963 2135 4010 datur
2172 3977 2325 4024 „quae
2364 3962 2450 4010 hac
2476 3962 2579 4024 lege
2607 3963 2785 4013 IIviris

521 4051 605 4113 qui
651 4050 760 4113 juro
815 4049 1022 4097 dicundo
1057 4054 1316 4114 praeerunt
1353 4049 1557 4106 datur,”
1595 4048 1677 4096 ubi
1714 4064 1769 4095 ex
1808 4046 1994 4110 vulgari
2030 4046 2217 4095 ratione
2255 4047 2478 4095 binorum
2515 4047 2787 4098 llvirorum

525 4135 705 4183 mentio
743 4138 828 4182 est.

658 4217 698 4278 ⁹)
767 4217 860 4264 Vid
898 4229 1134 4265 cronos.
1169 4217 1228 4264 de
1260 4217 1442 4278 republ.
1483 4216 1543 4272 2,
1584 4217 1643 4263 31
1686 4217 1746 4263 cf.
1785 4228 2013 4264 sumum
2060 4215 2197 4267 Noa-t..
2232 4217 2341 4263 Att.
2378 4215 2437 4272 2,
2476 4215 2557 4265 15.

655 4299 692 4362 ³)
766 4301 824 4349 In
861 4301 1058 4363 Operez
1093 4302 1160 4349 lec
1201 4301 1361 4348 Tables
1397 4316 1445 4362 p.
1483 4300 1549 4348 39
1587 4303 1685 4348 not.
1730 4302 1777 4346 5.

649 4383 692 4446 ⁴)
763 4384 852 4432 vid
888 4397 1074 4432 Ltku
1115 4384 1220 4433 Lib.
1257 4385 1322 4431 24
1359 4384 1473 4447 Cap.
1518 4384 1610 4440 10;
1665 4383 1771 4433 Lib.
1810 4384 1872 4432 35
1913 4382 2031 4446 Cap.
2073 4382 2129 4439 6;
2168 4381 2274 4430 Lib.
2312 4381 2376 4430 39
2414 4379 2529 4446 Cap.
2578 4383 2681 4442 32;
2718 4385 2779 4433 cf.

512 4485 700 4534 quoque
737 4469 841 4518 Lib.
881 4470 940 4518 41
987 4468 1108 4532 Cap.
1147 4469 1196 4518 6.
1284 4525 1292 4534 ,
