3027 5263
1335 529 1419 620 '65

441 749 702 829 Romae,
751 754 820 814 ut
879 749 1154 831 videtur,
1223 757 1526 816 senatores
1592 755 1949 842 plerumque
1997 779 2183 824 censu
2232 762 2500 846 equestri

252 877 584 942 utebantur
623 878 664 963 ¹)
675 903 692 956 3
743 897 1074 943 AUGUSTUM
1120 901 1260 944 vero
1309 901 1559 944 censum
1606 883 1976 949 senatorium
2010 885 2344 952 instituisse
2392 911 2499 953 no·

251 1007 451 1072 vimus
473 1007 543 1090 ²).
636 1006 712 1070 In
763 1005 1112 1092 municipiis
1154 1006 1309 1090 juris
1357 1008 1655 1092 generalis
1703 1031 1827 1073 non
1874 1009 2059 1075 fuisse
2106 1012 2379 1091 videtur,
2428 1020 2499 1078 ut

253 1133 613 1198 decuriones
661 1133 1002 1197 fruerentur
1049 1138 1209 1197 certo
1260 1157 1480 1212 censu3
1531 1135 1687 1212 hoc,
1743 1158 1838 1200 me
1880 1137 2120 1221 judice,
2170 1144 2308 1203 tuto
2358 1140 2501 1206 inde

259 1259 614 1325 concludere
661 1259 802 1323 licet
835 1259 1000 1344 quod
1047 1259 1204 1324 nihil
1254 1260 1366 1324 hac
1416 1261 1489 1324 de
1534 1283 1598 1324 re
1645 1262 1710 1326 in
1759 1261 1893 1348 lege
1940 1263 2115 1328 Julia
2148 1265 2503 1351 municipali

262 1393 506 1452 cautum
581 1386 892 1462 videmus3
956 1386 1168 1471 procul
1218 1387 1406 1450 dubio
1453 1391 1659 1452 tamen
1706 1389 1807 1452 hic
1863 1389 1992 1454 illic
2041 1412 2257 1456 census
2306 1392 2505 1477 requi-

255 1513 530 1591 rebatur,
606 1513 781 1577 cuius
853 1512 942 1576 rei
1012 1513 1184 1576 testis
1233 1518 1322 1576 est
1371 1534 1626 1592 orcum,
1677 1515 1784 1599 qui
1840 1517 1909 1580 in
1964 1518 2204 1603 oppidis
2260 1519 2505 1586 Siciliae

252 1663 365 1704 suo
413 1619 701 1724 tempore·
735 1653 952 1702 census
1002 1639 1149 1701 certi
1199 1639 1568 1702 mentionem
1602 1639 1748 1703 facit
1783 1641 1847 1723 ³).
1898 1641 2163 1708 Difficile
2198 1651 2288 1708 est
2320 1666 2464 1710 sane
2480 1697 2500 1728 ‚

249 1766 489 1852 aliquid
537 1772 800 1829 statuere
833 1764 907 1827 de
941 1786 1122 1828 censu
1155 1764 1220 1828 in
1252 1765 1608 1850 municipiis
1642 1766 1883 1832 nostris.
1934 1767 2229 1850 Quamvis
2270 1771 2503 1838 incerta

247 1916 346 1959 res
419 1898 695 1972 maneat,
771 1914 805 1956 a
878 1913 1014 1955 vero
1079 1896 1278 1955 tamen
1343 1913 1468 1955 non
1518 1892 1780 1956 multum
1830 1892 2103 1960 aberrare
2155 1902 2339 1982 pute,
2392 1899 2501 1983 qui

253 2022 624 2086 contendant
672 2019 738 2082 in
783 2018 918 2104 lege
969 2018 1322 2104 municipali
1372 2042 1407 2082 a
1459 2039 1811 2084 nom'rnmo
1864 2021 1989 2086 lata
2029 2029 2279 2089 cautum
2310 2024 2501 2092 fuisse

251 2147 485 2233 aliquid
539 2148 614 2211 de
678 2169 866 2211 censu
926 2147 1260 2223 senatorio,
1326 2169 1517 2231 quum
1585 2148 1661 2212 ab
1708 2150 1977 2234 Augusti
2039 2150 2183 2216 inde
2231 2158 2503 2240 tempore

250 2275 558 2340 eiusmodi
605 2272 1040 2360 praescriptum
1086 2273 1316 2338 Romae
1363 2274 1629 2358 viguisse
1677 2281 1912 2340 constet
1945 2276 2016 2361 4).

443 2401 677 2482 Quanti
723 2400 902 2464 fuerit
950 2422 1161 2464 census
1210 2406 1470 2466 statuere
1520 2423 1643 2465 non
1706 2402 1885 2479 licet3
1950 2403 2013 2466 in
2064 2403 2321 2490 singulis
2368 2429 2499 2471 mu-

249 2528 505 2614 nicipiis
552 2527 714 2590 idem
761 2526 973 2612 procul
1021 2526 1210 2590 dubio
1259 2549 1381 2591 non
1430 2534 1591 2605 erat,
1630 2528 1733 2592 sed
1767 2528 2033 2593 diversus
2065 2552 2173 2615 pro
2209 2533 2502 2618 cuiusque

249 2658 514 2723 civitatis
560 2654 966 2740 amplitudine
1011 2662 1195 2739 atque
1243 2653 1558 2739 opulentia
1604 2655 1790 2719 fuisse
1842 2656 2099 2722 videtur.

442 2806 490 2847 c.
590 2781 970 2847 Arcebantur
1017 2805 1052 2845 a
1117 2781 1508 2845 decurionatu
1576 2804 1837 2867 quorum
1905 2806 2100 2848 mores
2160 2786 2287 2851 sive
2344 2787 2500 2852 vitae

250 2910 530 2976 condicio
581 2909 812 2973 ordinis
878 2908 1164 2993 dignitati
1215 2913 1646 2992 repugnarent.
1745 2908 1921 2972 Licet
1978 2908 2053 2973 de
2103 2912 2215 2974 hac
2263 2934 2504 2998 quoque

250 3061 320 3102 re
406 3038 562 3101 nihil
643 3060 716 3101 ex
788 3036 920 3121 lege
991 3034 1360 3099 Malacitana
1435 3040 1495 3097 et
1559 3033 1932 3118 Salpensana
2002 3040 2497 3121 cognoverimus,

250 3164 438 3229 dubio
487 3171 678 3241 caret,
731 3164 972 3248 opinor,
1025 3164 1174 3247 quin
1223 3162 1344 3226 tale
1377 3162 1527 3247 quid
1561 3162 1997 3247 praescriptum
2030 3162 2099 3227 in
2132 3164 2265 3249 lege
2298 3164 2502 3231 fuerit.

249 3292 419 3357 Nam
483 3291 640 3377 juris
707 3291 1004 3376 generalis
1055 3291 1172 3354 hoc
1228 3290 1412 3354 fuisse
1469 3290 1537 3353 in
1594 3289 1951 3374 municipiis
2008 3298 2267 3356 statuere
2330 3292 2505 3371 licet,

248 3419 304 3483 si
353 3419 550 3505 legem
598 3416 826 3482 Juliam
876 3417 1310 3503 municipalem
1361 3402 1664 3495 conferas,
1718 3439 1872 3501 quae
1905 3417 2163 3496 multOS,
2200 3419 2307 3504 qui
2342 3420 2507 3505 turpi

251 3548 611 3615 condicione
648 3634 651 3637 Ι
683 3570 756 3612 ac
825 3547 1095 3612 moribus
1164 3546 1390 3611 talibus
1466 3552 1644 3625 sunt,
1704 3570 1739 3611 a
1787 3547 2183 3612 decurionatu
2232 3555 2396 3613 arcet
2428 3549 2501 3632 5).

401 3860 436 3920 ¹)
504 3861 701 3923 Equites
737 3873 907 3909 mvms
943 3863 1086 3909 vocat
1120 3860 1459 3919 „seminarium
1495 3858 1723 3908 senatus’'
1760 3858 1857 3908 vid.
1892 3858 1998 3908 Lib.
2036 3859 2119 3917 42,
2162 3860 2244 3909 61.
2281 3860 2504 3910 Fortasse

257 3962 428 3997 census
465 3946 579 3994 facti
614 3946 774 4010 potius
810 3960 952 4009 quam
982 3944 1104 4008 juris
1139 3947 1258 3996 erat.
1293 3944 1370 4021 OQ
1403 3957 1593 4003 num,
1631 3944 2108 4010 Realencyolopaedie
2141 3944 2191 3997 in
2222 3960 2337 3994 voce
2360 3945 2507 3995 Sena·

256 4034 367 4089 tus,
399 4048 449 4096 p.
488 4031 638 4079 1001.

395 4114 437 4172 2)
505 4115 578 4163 Ex
627 4126 880 4163 sus-rouro
915 4114 965 4161 in
1002 4114 1099 4163 vita
1139 4112 1301 4163 octav.
1341 4114 1449 4176 Cap.
1489 4115 1573 4165 41.
1618 4116 1665 4163 et
1700 4126 1862 4163 mona
1908 4126 2112 4185 mesic,
2150 4114 2253 4165 Lib.
2290 4115 2355 4163 54
2396 4116 2511 4177 Oap.

254 4198 337 4252 17.
377 4200 459 4249 26.
497 4200 598 4247 Lib.
638 4200 699 4247 55
745 4200 858 4261 Cap.
898 4198 977 4247 13.

395 4284 435 4346 3)
506 4286 568 4332 In
615 4284 814 4340 Verrem,
850 4283 960 4332 Act.
997 4283 1074 4341 11,
1112 4282 1218 4332 Lib.
1254 4282 1334 4342 ΙΙ,
1373 4282 1491 4347 Cap.
1527 4284 1609 4333 49.

392 4368 436 4430 4)
503 4368 786 4431 Exemplum
825 4369 961 4417 affert
997 4381 1230 4426 Patruus,
1269 4368 1362 4431 Ep.
1403 4368 1448 4417 1.
1505 4368 1583 4417 19.

393 4452 435 4515 ⁶)
503 4453 564 4502 In
601 4452 768 4517 Capite
809 4452 927 4503 VIII
961 4453 1078 4517 ἱερέα
1109 4454 1271 4504 «Iuliae
1305 4454 1378 4502 ita
1413 4456 1607 4503 cautum
1633 4455 1730 4503 este
1756 4454 1927 4521 „Quae
1951 4452 2237 4517 municipia,
2266 4451 2509 4509 coloniae,

2182 4550 2218 4609 5
