3027 5263
1331 628 1412 687 95

242 824 368 889 sive
401 822 792 907 magistratus
826 818 1120 883 creandus
1169 824 1260 883 est
1301 817 1469 902 jurat
1518 841 1622 903 per
1670 818 1884 885 Jovem
1903 869 1924 900 ,
1974 845 2079 908 per
2126 845 2335 890 omnes
2376 827 2496 891 Im-

245 956 552 1039 peratores
587 948 747 1011 inter
781 946 955 1011 divos
1003 946 1269 1024 relat08‚
1318 969 1422 1032 per
1472 947 1721 1032 genium
1771 947 2165 1034 Imperatoris
2190 953 2498 1037 regnantis

245 1078 529 1162 Deosque
578 1075 855 1138 Penates·

433 1202 699 1278 Eadem,
764 1200 815 1263 si
864 1205 1120 1263 aetatem
1186 1204 1392 1264 teneas
1441 1199 1595 1285 legis
1643 1200 1803 1265 latae
1844 1202 1922 1287 ¹),
1975 1208 2062 1266 est
2109 1202 2371 1269 formula
2428 1206 2496 1271 in

246 1332 385 1417 lege
455 1351 610 1414 quae
675 1333 873 1392 exstat
920 1328 986 1390 in
1036 1326 1241 1390 tabula
1297 1327 1565 1391 Bantina
1598 1328 1685 1414 ²);
1751 1336 2055 1413 praeterea
2104 1353 2179 1395 ex
2228 1332 2497 1419 Digestis

249 1465 500 1545 apparet
563 1478 689 1520 non
735 1454 932 1519 solum
981 1455 1288 1518 Romanos
1337 1478 1442 1539 per
1491 1455 1635 1519 deos
1676 1455 1879 1541 jurare
1930 1457 2141 1522 solitos
2190 1458 2377 1524 fuisse
2411 1460 2494 1545 ³),

254 1608 465 1651 verum
513 1585 696 1649 etiam
746 1605 850 1668 per
900 1581 1148 1667 genium
1197 1581 1500 1667 Principis
1548 1584 1858 1667 regnantis
1891 1583 1961 1668 4).

438 1713 571 1777 Lex
615 1710 987 1796 Salpensana
1034 1714 1307 1773 accurate
1355 1710 1572 1773 definit
1621 1711 1868 1793 quando
1913 1716 1974 1774 et
2021 1712 2327 1794 quomodo
2372 1706 2497 1798 jus-

241 1840 574 1928 jurandum
640 1838 798 1903 illud
862 1837 1288 1922 praestandum
1353 1838 1436 1900 sit
1495 1836 1953 1922 magistratibus
2001 1840 2497 1926 municipalibus.

246 1970 488 2035 Diserte
537 1968 602 2031 in
649 1966 781 2052 lege
831 1973 1074 2029 cautum
1126 1972 1216 2029 est
1271 1965 1339 2028 id
1388 1965 1814 2050 praestandum
1842 1990 1965 2031 esse
1993 1990 2100 2052 pro
2130 1969 2415 2033 contione
2449 1970 2497 2054 5)

251 2097 300 2161 i.
329 2118 379 2160 e.
429 2097 494 2159 in
542 2094 789 2181 publico
807 2120 826 2172 3
865 2099 1102 2157 constat
1127 2092 1243 2156 hoc
1269 2090 1420 2155 alibi
1453 2114 1697 2177 quoque
1724 2115 1854 2157 esse
1887 2093 2147 2158 factum:
2200 2094 2265 2157 in
2291 2093 2501 2161 tabula

249 2224 523 2289 Bantina
563 2224 764 2307 jurare
829 2220 1052 2285 debent
1101 2220 1488 2306 magistratus
1540 2219 1743 2303 palam
1791 2219 1912 2284 luci
1946 2220 2011 2285 in
2044 2220 2243 2286 forum
2280 2244 2501 2290 versus·

251 2352 580 2417 Terminus
651 2371 895 2434 quoque
967 2350 1127 2412 intra
1210 2369 1390 2432 quem
1457 2347 1791 2431 jurandum
1862 2356 2019 2413 esset
2079 2348 2211 2435 lege
2253 2350 2503 2437 Salpen-

251 2502 402 2545 sana
467 2478 756 2542 statuitur
774 2502 792 2555 ς
866 2477 973 2561 qui
1039 2476 1201 2540 enim
1272 2476 1530 2539 honores
1593 2482 1814 2562 gerunt
1876 2483 2147 2561 tempore
2219 2501 2341 2563 quo
2404 2480 2503 2545 lex

249 2610 444 2675 fertur
493 2608 651 2670 intra
702 2609 738 2669 5
792 2603 925 2669 dies
976 2609 1117 2689 post
1165 2602 1358 2690 legem
1407 2603 1596 2668 latam
1622 2604 1828 2689 jurare
1862 2602 2121 2685 debent,
2158 2608 2265 2691 qui
2297 2614 2505 2693 postea

253 2737 622 2802 creabuntur
684 2733 749 2797 in
815 2730 1032 2796 diebus
1099 2735 1136 2794 5
1200 2733 1488 2817 proximis
1550 2755 1622 2796 ex
1694 2755 1818 2817 quo
1876 2733 2265 2818 magistratus
2321 2736 2504 2800 creati

249 2870 453 2930 erunt.
503 2862 680 2927 Idem
729 2866 816 2924 cst
858 2858 1287 2944 jusjurandum
1336 2860 1410 2922 de
1451 2883 1575 2944 quo
1626 2859 1689 2922 in
1742 2859 1858 2922 hoc
1909 2860 2123 2945 Capite
2170 2883 2366 2926 sermo
2416 2869 2505 2928 est

249 2991 421 3080 quod
468 2989 696 3053 Romae
748 2985 1073 3051 vocabatur
1113 2987 1546 3072 jusjurandum
1595 2987 1658 3050 in
1705 2985 1869 3071 leges
1902 2987 1971 3071 ⁶).
2073 2987 2503 3074 Compluribus

251 3118 496 3205 legibus
546 3117 840 3200 antiquis,
891 3115 1051 3178 inter
1099 3137 1250 3198 quas
1298 3112 1693 3178 memoranda
1737 3120 1831 3177 est
1880 3113 1995 3178 hoc
2042 3113 2178 3179 loco
2228 3115 2323 3182 lex
2349 3139 2504 3202 quae

250 3246 461 3312 tabula
507 3243 778 3308 Bantina
812 3243 857 3326 ¹1)
906 3243 1287 3320 continetur,
1339 3241 1608 3306 clausula
1655 3240 2211 3327 comprehenditur,
2248 3253 2317 3308 ut
2342 3245 2502 3309 intra

402 3591 437 3654 ¹)
507 3593 742 3656 Tempore
795 3589 1086 3655 reipublicae
1139 3590 1236 3638 lata
1279 3594 1372 3648 est,
1434 3590 1639 3653 ideoque
1692 3589 1761 3638 ibi
1796 3589 1988 3653 juratur
2022 3604 2107 3654 per
2142 3588 2296 3639 solum
2330 3591 2501 3640 Jovem

257 3679 482 3741 Deosque
517 3677 739 3726 Penates.

400 3761 439 3823 ²)
510 3760 630 3808 Vide
667 3761 821 3824 Caput
853 3760 882 3807 3
921 3759 1062 3808 huius
1099 3759 1218 3820 legis
1254 3759 1380 3824 apud
1417 3772 1571 3818 zen..
1610 3759 1779 3808 Delect
1812 3760 1956 3807 inser.
2001 3773 2084 3807 no.
2126 3757 2286 3816 1684;
2329 3759 2387 3808 de
2412 3759 2502 3810 hac

227 3848 362 3913 -lege
407 3845 613 3895 conferri
649 3850 861 3893 meretur
895 3848 1145 3893 edri-mne
1181 3844 1231 3893 in
1267 3844 1423 3909 Opere
1461 3844 1547 3892 XV
1588 3844 1833 3895 Ro'mische
1878 3843 2127 3892 Urkunden
2162 3859 2205 3908 p.
2247 3845 2467 3895 44-48.

394 3929 434 3990 ³)
502 3929 622 3978 Vide
667 3941 931 3979 umanum
981 3928 1031 3976 in
1080 3929 1184 3994 lege
1237 3929 1300 3978 33
1355 3929 1415 3978 D.
1451 3929 1510 3978 de
1530 3928 1859 3991 jurejurando
1893 3928 2047 3990 (12.2)
2085 3927 2145 3979 cf.
2180 3927 2275 3991 leg.
2312 3929 2357 3977 3.
2394 3931 2417 3990 ς
2454 3933 2501 3981 4.

247 4019 347 4081 leg.
384 4017 416 4063 4
453 4018 500 4063 et
536 4017 561 4062 5
601 4031 677 4079 pr.
715 4015 775 4064 D.
810 4015 952 4062 huius
987 4016 1074 4065 Tit.

391 4098 439 4161 4)
506 4098 623 4147 Vide
659 4099 751 4164 leg.
791 4099 871 4148 13.
908 4100 930 4158 §
967 4099 1016 4150 6.
1053 4099 1112 4147 D.
1147 4099 1357 4148 eiusdem
1402 4099 1491 4149 Tit.

395 4183 435 4246 ⁵)
505 4183 624 4233 Vide
658 4197 962 4234 Laeonum
998 4183 1080 4247 qui
1116 4184 1238 4233 hanc
1276 4183 1465 4233 dicendi
1503 4183 1740 4234 rationem
1776 4181 2083 4247 reprehendit
2115 4182 2165 4231 in
2203 4183 2385 4247 Opere:
2432 4184 2505 4232 les

249 4270 418 4324 Tables
451 4285 498 4334 p.
537 4269 618 4318 23.
656 4285 704 4320 n.
743 4270 855 4318 126.
895 4275 1060 4317 contra
1097 4273 1254 4317 tamen
1292 4283 1486 4318 emmo
1522 4269 1575 4318 in
1617 4271 1707 4332 Op.
1741 4270 1776 4318 l.
1814 4284 1861 4332 p.
1900 4269 1987 4324 56,
2032 4265 2113 4318 57.
2151 4267 2406 4317 Praeterea
2442 4269 2501 4317 cf.

245 4367 440 4408 mvluu
473 4355 578 4405 Lib.
615 4356 696 4405 42.
733 4355 852 4419 Cap.
889 4355 978 4412 10,
1025 4355 1107 4403 ubi
1143 4355 1308 4403 consul
1345 4359 1569 4404 narratur
1605 4355 1789 4403 edicere
1816 4369 1911 4416 pro
1949 4355 2179 4401 contione.

394 4438 434 4504 ὅ)
502 4440 800 4488 Memoratur
835 4441 961 4504 apud
997 4453 1180 4490 Livium
1214 4441 1319 4491 Lib.
1360 4442 1421 4490 31
1462 4441 1581 4506 Cap.
1619 4439 1711 4498 50,
1752 4439 1857 4492 Lib.
1892 4438 1956 4487 29
1995 4439 2111 4503 Cap.
2146 4437 2225 4490 37.

398 4525 441 4588 ΙΙ)
505 4525 626 4574 Vide
660 4524 779 4591 legis
817 4529 958 4590 caput
995 4525 1276 4576 secuudum.
