3027 5263
1243 633 1369 693 129

175 828 366 892 votirt
411 824 564 890 fiber
610 824 721 888 ihn
769 823 838 886 in
887 822 1003 887 den
1067 822 1533 888 verschiedenen
1592 823 1821 890 Gilden
1871 826 1999 889 und
2049 827 2166 891 den
2218 830 2431 915 Desig-

171 954 385 1019 nirten
435 956 692 1017 ernennt
738 950 956 1015 wieder
1003 949 1104 1014 die
1152 950 1334 1014 Ourie
1385 951 1577 1015 durch
1611 953 1832 1016 Decret
1866 952 2161 1019 definitiv.
2263 956 2429 1021 Oder

174 1081 284 1145 die
333 1078 929 1170 Willensaiiszerung
975 1077 1056 1141 ist
1104 1077 1238 1141 eine
1286 1100 1438 1162 ganz
1471 1077 1790 1155 formlose,
1841 1079 2042 1144 indem
2070 1081 2167 1144 die
2201 1082 2428 1167 Menge

178 1208 272 1273 im
323 1208 579 1272 Theater
628 1206 772 1270 oder
817 1206 882 1268 in
933 1204 1052 1268 den
1101 1204 1442 1268 Rennbahn
1491 1205 1600 1269 wie
1635 1228 1695 1269 es
1729 1206 1795 1269 in
1832 1206 1949 1269 den
1984 1207 2431 1292 Hauptstadten

176 1334 416 1400 damals
466 1334 566 1397 bei
617 1332 1004 1417 wichtigeren
1052 1331 1296 1415 Dingen
1345 1331 1640 1416 geschah,
1690 1332 1757 1395 in
1806 1332 2301 1399 Acclamationen
2353 1359 2461 1400 zu·

176 1463 468 1527 Gunsten
515 1460 680 1523 einer
727 1458 1114 1523 bestimmten
1144 1458 1371 1522 Person
1399 1457 1696 1522 ausbrach
1718 1508 1735 1535 ,
1763 1459 1892 1523 und
1918 1460 2019 1523 die
2044 1462 2428 1527 Decurionen

174 1587 348 1652 dann
396 1585 814 1671 nachtraglich
863 1586 1040 1649 einen
1089 1585 1416 1649 Beschlusz
1467 1584 1724 1649 dariiber
1772 1586 2032 1650 fassen.”
2132 1588 2424 1669 Quamvis

171 1724 350 1808 quod
421 1721 688 1786 secundo
760 1720 893 1784 loco
975 1718 1249 1805 disputat
1312 1742 1773 1805 nonnumquam
1836 1720 2062 1786 factum
2114 1746 2237 1797 esse
2288 1748 2429 1789 con-

177 1855 306 1914 stet
347 1850 426 1935 ¹),
501 1850 624 1913 imo
676 1854 886 1933 postea
932 1847 1179 1911 fortasse
1227 1847 1356 1910 fieri
1403 1848 1652 1926 soleret,
1706 1847 1979 1913 Malacae
2046 1856 2247 1914 tamen
2312 1874 2427 1916 usu

176 1976 418 2041 venisse
481 1997 604 2038 non
669 1973 940 2049 videtur,
1021 1973 1246 2037 etenim
1313 1973 1466 2036 ratio
1558 1974 1939 2039 comitiorum
2014 1974 2429 2043 habendorum

175 2104 250 2167 in
313 2103 448 2187 lege
511 2106 715 2165 nostra
805 2100 1162 2183 municipali
1244 2106 1522 2163 accurate
1588 2101 1859 2185 exposita
1932 2108 2040 2164 est.
2156 2104 2431 2169 Malacae

174 2231 492 2315 cooptatio
553 2252 629 2293 ex
691 2229 931 2293 decreto
981 2228 1372 2292 decurionum
1421 2251 1456 2291 a
1512 2228 1741 2313 populo
1789 2228 1855 2292 in
1905 2229 2168 2293 comitiis
2217 2234 2427 2295 confir·

175 2357 406 2421 manda
457 2362 618 2434 erat3
667 2354 879 2441 populi
928 2362 1127 2440 partes
1176 2355 1242 2417 in
1281 2355 1391 2418 hac
1449 2377 1665 2433 causa,
1720 2355 1815 2418 uti
1862 2374 2168 2420 MOMMSEN
2236 2360 2433 2442 conje-

174 2484 267 2551 cit
299 2485 390 2569 ²),
466 2484 532 2548 in
582 2483 716 2569 lege
763 2482 1130 2547 Malacitana
1177 2504 1322 2546 voce
1373 2480 1685 2562 „publice”
1736 2482 2111 2563 indicantur,
2164 2507 2315 2568 quae
2366 2486 2432 2548 in

169 2613 380 2700 prima
427 2611 660 2697 Capitis
708 2611 957 2696 periodo
1005 2610 1245 2696 legitur.

367 2739 692 2803 Decretum
743 2738 976 2802 ordinis
1039 2744 1282 2817 tamen,
1357 2738 1452 2800 uti
1503 2759 1689 2822 supra
1731 2739 1857 2822 jam
1907 2740 2151 2816 monui,
2204 2743 2424 2805 summi

169 2871 314 2932 erat
361 2866 651 2930 momenti
665 2893 682 2944 ;
737 2887 1118 2950 semperque,
1172 2870 1241 2927 ut
1289 2864 1560 2942 videtur,
1600 2887 1633 2926 a
1670 2863 1899 2948 populo
1935 2866 2427 2932 confirmabat-ur.

363 2992 760 3078 Magistratus
823 2992 1104 3060 adversus
1160 2992 1316 3055 hanc
1365 2991 1558 3076 legem
1634 2990 2039 3074 patrocinium
2088 2991 2271 3056 alicui
2322 2993 2424 3056 de-

163 3123 374 3187 ferens
445 3120 651 3186 decem
724 3119 917 3184 millia
988 3120 1402 3184 sestertiorum
1451 3117 1784 3202 municipio
1846 3117 2219 3182 Malacitano
2278 3119 2420 3184 dare

164 3246 525 3334 cogebatur.
1980 3331 1983 3335 ,

365 3373 652 3458 Superest
719 3379 788 3437 ut
836 3371 1148 3436 ostendam
1208 3371 1483 3436 IIvirum
1543 3373 1607 3436 in
1673 3372 2035 3457 municipiis
2085 3372 2425 3438 ministerio

157 3502 457 3566 functum
508 3521 636 3563 esse
686 3499 849 3584 quod
896 3499 1124 3564 Romae
1175 3499 1524 3564 censoribus
1575 3507 1730 3564 esset
1780 3499 2158 3565 mandatum.

362 3625 616 3690 Censori
671 3625 896 3690 Romae
960 3627 1027 3690 in
1098 3625 1249 3691 urbe
1320 3633 1456 3712 post
1519 3627 1712 3712 legem
1763 3626 2052 3692 Oviuiam
2088 3626 2166 3710 ²³),
2248 3633 2422 3691 antea

153 3751 447 3830 consuli,
481 3752 663 3818 lectio
697 3752 954 3816 Senatus
986 3753 1386 3842 competebat.
1439 3753 1659 3838 Neque
1693 3752 1792 3817 lex
1824 3753 2191 3816 Malacitana
2222 3775 2420 3836 neque

150 3880 256 3946 lex
336 3877 707 3962 Salpensana
779 3878 856 3942 de
926 3879 1185 3944 lectione
1250 3880 1475 3944 ordinis
1548 3879 1695 3963 quid
1770 3879 2074 3956 continet3
2122 3879 2421 3944 nonnulla

150 4013 374 4070 tamen
427 4003 683 4068 suadent
733 4010 802 4068 ut
848 4005 1005 4070 hanc
1053 4011 1412 4091 potestatem
1461 4005 1661 4070 IIviro
1711 4005 2071 4071 tribuamus·

358 4130 428 4194 Si
476 4131 637 4194 enim
683 4131 879 4216 legem
928 4132 1164 4198 Juliam
1213 4133 1643 4218 municipalem
1694 4133 1965 4198 conferas
1986 4181 2005 4210 ,
2048 4131 2149 4216 jus
2177 4132 2421 4218 legendi

307 4342 346 4403 ¹)
424 4340 545 4388 Vide
581 4340 712 4390 locos
749 4343 873 4406 apud
910 4348 1140 4391 rmum
1176 4361 1220 4408 p.
1261 4345 1379 4392 512.
1415 4346 1515 4393 not.
1558 4343 1588 4392 2
1624 4343 1814 4393 citatos·

299 4425 342 4487 2)
415 4425 718 4474 Stadtrechte
752 4443 799 4491 p.
839 4429 955 4475 454.

302 4510 345 4569 ³)
424 4509 545 4557 Vide
581 4523 801 4568 rns'rux,
839 4511 899 4560 de
946 4513 1075 4561 Verb.
1113 4512 1240 4576 Siqn.
1277 4528 1325 4575 p.
1365 4513 1461 4583 246
1499 4512 1555 4560 ed
1594 4515 1812 4560 miirncn.

3011 682 3017 765 ...-—-
3011 640 3013 661 -
3007 242 3017 605 -ῌψ--ιυ--ιεε-η
