3027 5263
1274 588 1400 648 131

208 780 395 846 cunia
464 778 744 865 publica3
831 777 1264 843 confirmantur
1312 777 1461 843 haec
1509 779 1639 864 ipso
1692 780 1906 866 Capite
1959 786 2042 847 63
2095 784 2283 871 legia,
2347 788 2455 853 ubi

205 914 459 973 cautum
506 911 638 971 est:
692 904 1032 989 „Quasque
1080 904 1412 970 locationes
1460 906 1667 971 fecerit
1707 929 1976 993 quasque
2010 910 2171 997 leges
2196 912 2452 993 dixerit,

205 1034 427 1119 quanti
462 1032 610 1117 quid
656 1032 923 1097 locatum
971 1031 1051 1095 sit
1084 1030 1162 1114 ¹),
1211 1036 1272 1094 et·
1320 1032 1428 1115 qui
1477 1033 1728 1117 praedes
1762 1037 1993 1121 accepti
2026 1039 2148 1102 sint
2182 1062 2458 1124 quaeque

205 1161 462 1246 praedia
509 1159 750 1223 subdita
796 1159 1150 1245 subsignata
1197 1158 1537 1244 obligatave
1589 1162 1747 1242 siut,
1804 1164 2030 1249 quique
2073 1166 2456 1250 praediorum

208 1288 553 1373 cognitores
603 1287 834 1372 accepti
881 1286 1041 1366 sint,
1100 1286 1167 1349 in
1213 1285 1450 1351 tabulas
1499 1310 1852 1353 communes
1902 1292 2277 1378 municipum
2325 1295 2455 1359 eius

208 1413 536 1500 municipii
585 1413 919 1478 referantur
974 1414 1156 1479 facito
1205 1419 1266 1477 et
1313 1416 1623 1500 proposita
1672 1415 1892 1481 habeto
1939 1440 2047 1503 per
2096 1442 2272 1485 omne
2319 1422 2455 1487 reli-

206 1564 402 1627 quum
471 1548 716 1626 tempus
765 1540 1012 1605 honoris
1061 1540 1156 1604 sui
1184 1541 1233 1624 ²)
1256 1590 1274 1621 ,
1337 1541 1425 1605 ita
1474 1548 1545 1606 ut
1594 1542 1670 1607 de
1716 1543 1900 1628 plano
1950 1550 2109 1611 recte
2158 1547 2280 1632 legi
2326 1570 2458 1633 pos·

209 1667 394 1734 sint-’³

401 1794 590 1860 Hisce
637 1792 920 1859 omuibus
969 1793 1139 1858 Ordo
1187 1814 1316 1857 sese
1364 1793 1698 1859 immiscere
1748 1817 1875 1859 non
1921 1802 2124 1881 potest
2138 1824 2157 1877 3
2210 1820 2318 1864 suo
2366 1823 2453 1865 ar-

210 1923 398 1988 bitrio
445 1922 761 1987 locationis
810 1922 976 2007 leges
1024 1921 1176 1985 dicit
1223 1921 1387 1986 IIvir
1436 1944 1592 2007 quae
1640 1923 1867 1987 Romae
1914 1947 2120 1990 rursus
2152 1949 2188 1990 a
2214 1950 2457 1993 censore

209 2050 535 2128 dicuntur;
585 2048 749 2113 unde
796 2048 1030 2134 saepius
1057 2049 1362 2113 censoriae
1410 2049 1577 2135 leges
1626 2059 2050 2116 memorantur.
2149 2054 2461 2141 Vigebant

207 2176 356 2240 illae
419 2177 579 2261 leges
626 2198 662 2239 a
711 2174 1054 2239 censoribus
1100 2175 1445 2261 propositae
1495 2198 1619 2239 non
1669 2182 1907 2241 tautum
1956 2201 2063 2263 per
2108 2184 2309 2244 totum
2366 2181 2461 2245 lu-

211 2309 410 2367 strum
456 2302 562 2367 sed
612 2302 907 2387 paulatim
955 2301 1098 2366 inde
1146 2302 1593 2386 quodammodo
1629 2310 1859 2367 certum
1885 2305 1983 2389 jus
2031 2312 2232 2371 ortum
2256 2314 2345 2371 est
2374 2308 2459 2394 3),

208 2430 360 2517 quia
406 2430 608 2514 legae,
666 2428 939 2513 quamvis
1010 2450 1452 2513 nonnunquam
1502 2430 1946 2515 corrigerentur
1970 2432 2057 2516 4),
2108 2435 2454 2500 summatim

206 2578 460 2645 prorsus
507 2554 752 2621 eaedem
799 2554 1144 2619 manebant.
1243 2555 1390 2619 Non
1439 2561 1680 2619 tantum
1728 2555 1908 2622 liberi
1955 2564 2126 2623 erant
2172 2559 2358 2626 IIviri
2389 2562 2455 2625 in

207 2685 452 2772 legibus
497 2684 791 2750 locationi
839 2681 1146 2759 dicendis3
1196 2704 1405 2747 eorum
1455 2689 1582 2746 erat
1615 2706 1857 2770 quoque
1891 2685 2218 2770 dijudicare
2250 2695 2455 2753 utrum

203 2814 559 2879 sufficerent
605 2811 915 2876 cautiones
961 2809 1189 2896 populo
1237 2833 1272 2874 a
1321 2810 1797 2875 conductoribus
1846 2811 2038 2877 datae.

401 2939 631 3004 Eorum
678 2937 973 3002 arbitratu
1022 2936 1186 3001 enim
1234 2937 1484 3021 praedes
1532 2936 1755 3000 dantur
1800 2937 1925 3002 sive
1974 2937 2049 3002 ab
2100 2939 2177 3002 iis
2227 2940 2335 3024 qui
2366 2941 2455 3005 II-

209 3067 480 3131 viratum
528 3064 625 3130 vel
673 3071 1056 3149 quaesturam
1105 3068 1322 3148 petunt
1346 3063 1394 3148 ³)
1417 3113 1435 3142 ,
1497 3063 1625 3127 sive
1673 3085 1709 3126 a
1757 3054 2227 3129 conductoribus
2275 3067 2457 3130 vecti-

204 3192 480 3280 galium3
533 3191 697 3256 unde
745 3191 1032 3254 dicuntur
1077 3187 1326 3274 praedes
1375 3189 1647 3274 accipere
1676 3189 1745 3273 ⁰).
1805 3190 2035 3254 Romae
2068 3192 2455 3276 magistratus

204 3344 342 3387 non
389 3341 622 3404 semper
667 3317 854 3382 iidem
881 3316 1128 3401 praedes
1159 3314 1575 3401 accipiebant:
1626 3316 1877 3400 praedes
1904 3321 2262 3410 sacramenti
2296 3321 2455 3385 enim

359 3553 396 3614 ¹)
467 3551 781 3600 Zmunuuan
817 3549 866 3597 in
904 3549 1085 3614 Operez
1125 3549 1199 3597 De
1231 3550 1425 3598 notione
1459 3555 1508 3598 et
1540 3551 1742 3599 historia
1775 3549 2007 3600 cautionis
2039 3552 2297 3612 praedibus
2310 3569 2456 3614 prae-

201 3639 398 3702 diisque
432 3635 646 3686 Berolini
683 3633 835 3692 1857,
874 3650 923 3698 p.
963 3635 1024 3682 18
1061 3648 1226 3682 vocem
1262 3633 1492 3698 „quanti”
1529 3635 1675 3682 refert
1710 3638 1807 3684 tam
1844 3635 1901 3683 ad
1941 3635 2171 3684 vocabula
2206 3637 2352 3699 „quid
2383 3638 2456 3686 lo·

204 3727 376 3775 catum
416 3721 509 3769 sit”
553 3735 692 3784 quam
733 3719 792 3766 ad
845 3733 1008 3766 vocem
1045 3719 1335 3782 „praedes,''
1371 3719 1440 3768 ita
1474 3722 1531 3767 ut
1565 3723 1668 3766 tum
1694 3720 1813 3769 Gen.
1848 3720 1969 3784 sing.
2005 3724 2109 3769 tum
2148 3721 2288 3768 Nom.
2329 3721 2459 3785 plur.

201 3810 354 3858 esset.
409 3804 584 3854 Melius
618 3815 869 3852 nonusan
906 3818 1070 3850 vocem
1095 3803 1241 3865 „qui”
1281 3803 1431 3852 textui
1450 3803 1647 3851 inseruit
1668 3807 1778 3851 ante
1814 3804 2044 3869 „praedes
2080 3804 2263 3868 accepti
2296 3804 2463 3865 sint'’‚

200 3893 274 3942 ita
316 3893 371 3938 ut
410 3903 498 3953 pro
532 3886 636 3934 solo
671 3886 891 3935 Genitivo
929 3887 1070 3949 pretii
1105 3886 1376 3936 habendum
1413 3887 1474 3935 sit
1509 3886 1795 3936 vocabulum
1834 3887 2078 3952 ‚,quanti.”

357 3973 397 4034 ²)
467 3970 764 4020 Vocabulum
817 3969 1118 4034 „reliquum”
1173 3971 1385 4020 indicare
1437 3971 1627 4020 videtur
1681 3971 1941 4020 locationes
1982 3973 2192 4022 Malacae
2228 3989 2255 4022 a
2288 3974 2460 4023 IIviris

200 4060 432 4125 peractas
467 4071 564 4104 nou
590 4053 730 4104 simul
755 4071 810 4102 ac
835 4056 1168 4119 magistratum
1202 4055 1448 4114 iniissent,
1473 4057 1557 4104 sed
1583 4060 1835 4120 postquam
1855 4056 1955 4120 jam
1980 4057 2273 4121 aliquamdiu
2306 4058 2461 4108 hono-

201 4159 316 4194 rem
352 4139 633 4204 gessissent,
672 4139 769 4188 imo
813 4141 1010 4190 fortasse
1045 4141 1132 4189 sub
1168 4141 1308 4188 finem
1343 4140 1540 4189 honoris
1576 4141 1665 4189 sui.

352 4225 392 4287 ³)
465 4223 584 4271 vide
617 4237 1160 4286 Beonan-nanquaun‘r
1197 4227 1254 4282 2,
1291 4226 1337 4274 2.
1375 4241 1422 4288 p.
1462 4226 1586 4282 234,
1628 4225 1744 4274 235.

349 4309 396 4372 4)
468 4307 580 4356 Vise
615 4321 930 4367 croaaonau,
967 4311 1019 4358 in
1073 4312 1272 4358 Verrem.
1308 4309 1366 4368 Ι,
1402 4309 1517 4373 Cap.
1562 4310 1641 4356 55.

351 4393 394 4454 5)
469 4390 586 4442 Vide
623 4391 736 4456 Cap.
774 4393 839 4440 60
875 4394 988 4457 leqis
1025 4394 1146 4442 Mat.

355 4478 395 4540 θ)
468 4475 586 4524 Vide
622 4481 812 4540 praeter
846 4479 936 4541 leq.
977 4479 1094 4527 Mae.
1132 4477 1250 4541 Cap.
1289 4477 1370 4526 60.
1413 4478 1491 4526 63.
1529 4478 1671 4540 quem
1708 4477 1930 4526 Aciliam.
1971 4478 2082 4542 Cap.
2126 4477 2201 4529 17.

2095 4573 2178 4633 9·)(·
