3027 5263
1982 0 2011 1 j
2028 0 2201 3 „⁷‚.——-ss
2218 0 2275 3 ⁷-
2291 0 2302 2 ..
2317 0 2334 3 -
2349 0 2560 7 ν---ὴ-η-
2586 0 2606 6 .—
2627 0 2877 9 -w-a-—u--vvu--v

1321 592 1443 654 121

257 786 385 849 dati
435 758 696 849 eundem
743 804 1065 849 numerum
1116 782 1422 853 curiarum
1474 782 1779 863 habeant,
1832 786 1927 849 lex
1960 785 2326 850 Malacitana
2355 784 2511 849 IIvi-

251 937 395 979 rum
437 912 610 999 jubet
656 912 796 991 „uti
847 935 1031 997 supra
1105 912 1606 998 comprehensum
1662 918 1750 976 est
1800 913 1875 977 de
1925 914 2001 977 iis
2052 914 2159 998 qui
2207 912 2515 997 suffragio·

251 1063 394 1105 rum
441 1062 693 1105 numero
743 1062 914 1126 pares
961 1045 1166 1104 essent
1211 1040 1296 1103 ita
1345 1040 1540 1105 facere
1590 1040 1665 1104 de
1724 1040 1799 1104 iis
1848 1040 1959 1124 qui
2010 1041 2267 1105 totidem
2316 1042 2513 1104 curias

251 1168 572 1234 habebunt
619 1168 949 1252 eademque
997 1168 1231 1232 ratione
1280 1168 1543 1253 priorem
1594 1191 1895 1252 quemque
1945 1175 2210 1233 creatum
2261 1190 2388 1233 esse
2421 1190 2511 1231 re·
2580 1246 2620 1266 l

254 1296 602 1361 nuntiare.”
651 1297 746 1361 De
796 1296 910 1359 hac
958 1318 1136 1359 causa
1184 1295 1414 1379 igitur,
1459 1296 1511 1358 si
1562 1290 1949 1361 conferantur
1984 1318 2140 1380 quae
2174 1318 2353 1381 supra
2385 1294 2509 1358 dis-

257 1424 508 1510 putavi,
562 1424 678 1487 hoc
723 1422 858 1486 loco
907 1445 1082 1507 agere
1131 1444 1643 1507 supervacaneum
1694 1424 1795 1486 sit.

447 1550 926 1615 Renuntiatione
973 1550 1078 1613 illa
1127 1550 1391 1613 secunda
1462 1551 1654 1627 facta,
1712 1550 1959 1614 comitia
2009 1550 2400 1614 dimittuntur
2448 1554 2507 1613 et

261 1684 574 1765 peractum
621 1700 863 1762 quoque
911 1683 1004 1741 est
1053 1677 1454 1741 ministerium
1502 1677 1688 1743 IIviri
1740 1678 1987 1741 comitia
2035 1677 2333 1742 habentis·

452 1805 670 1869 Paucis
751 1826 928 1889 porro
993 1805 1258 1869 conferre
1324 1804 1506 1868 liceat
1572 1804 2039 1869 similitudinem
2096 1805 2514 1868 institutorum

260 1934 696 1997 Romanorum.

452 2059 808 2143 Complures
874 2060 1036 2124 enim
1111 2060 1224 2123 viri
1287 2058 1452 2122 docti
1532 2059 1911 2123 contendunt
1975 2060 2284 2144 geminam
2347 2057 2517 2122 illam

261 2187 776 2253 renuntiationem
827 2186 1001 2249 cuius
1051 2187 1422 2251 mentionem
1482 2186 1630 2250 facit
1677 2187 1772 2250 lex
1826 2187 2229 2263 Malacitana,
2283 2187 2513 2251 'Romae

260 2320 472 2379 notam
535 2336 662 2377 non
725 2314 908 2377 fuisse
957 2315 1018 2397 ¹).
1122 2314 1418 2394 Quamvis
1492 2314 1753 2378 libenter
1818 2314 2143 2378 concedam
2206 2336 2511 2397 nusquam

261 2448 390 2507 tam
455 2441 772 2527 perspicue
836 2447 897 2506 et
962 2441 1180 2506 diserte
1243 2448 1563 2525 utramque
1626 2442 2141 2507 renuntiationem
2216 2441 2511 2527 distingui

261 2569 504 2655 sibique
567 2570 725 2634 inter
787 2592 848 2633 se
904 2568 1164 2656 opponi,
1230 2570 1324 2634 uti
1371 2571 1598 2634 factum
1648 2576 1739 2634 est
1787 2571 1851 2634 in
1906 2570 2126 2656 Capite
2178 2572 2261 2634 56
2316 2575 2377 2631 et
2429 2567 2511 2631 57

261 2697 422 2782 legis
472 2696 914 2775 Malacitanae,
966 2697 1238 2782 ignotam
1287 2705 1491 2762 tamen
1541 2697 1711 2762 illam
1759 2699 1941 2762 fuisse
1988 2697 2215 2762 Romae
2262 2719 2387 2760 non
2428 2695 2515 2760 fa-

261 2824 376 2889 cile
427 2824 682 2888 credam.
2274 2796 2279 2801 ⁴

453 2951 708 3016 Constat
759 2950 986 3035 quippe
1033 2950 1099 3014 in
1149 2950 1408 3014 comitiis
1449 2951 1803 3015 centuriatis
1830 2953 2169 3016 centuriam
2198 2973 2520 3037 praeroga-

259 3079 453 3144 tivam
479 3084 636 3142 sorte
684 3078 1052 3155 indicatam,
1104 3100 1374 3162 quosque
1401 3101 1468 3142 ea
1496 3078 1703 3142 fecerit
1736 3080 2117 3144 renuntiatus
2162 3101 2320 3155 esse,
2350 3083 2517 3140 ante-

259 3228 448 3292 quam
475 3213 704 3270 ceterae
754 3205 1064 3268 centuriae
1097 3207 1452 3290 suffragium
1485 3205 1711 3270 ferrent
1729 3233 1745 3285 3
1796 3207 1943 3271 haec
1970 3212 2060 3270 est
2085 3204 2299 3291 procul
2326 3203 2517 3269 dubio

258 3333 636 3398 renuntiatio
669 3355 780 3418 pro
806 3333 1076 3397 centuria
1107 3333 1180 3418 ²).
1243 3333 1591 3398 Verisimile
1618 3335 1801 3399 etiam
1835 3341 1925 3398 est
1958 3356 2092 3398 eum
2128 3335 2235 3417 qui
2268 3332 2517 3397 comitia

257 3461 550 3542 haberet,
617 3461 840 3524 tabulis
905 3460 1148 3538 relatiS,
1200 3483 1354 3547 quae
1417 3463 1715 3527 rationem
1780 3463 2199 3548 suffragiorum
2248 3462 2517 3526 contine-

239 3595 436 3667 ¹rent,
488 3588 738 3653 solitum
786 3589 976 3652 fuisse
1025 3588 1306 3674 deinceps
1367 3590 1715 3654 renuntiare
1774 3612 1925 3674 quos
1986 3588 2256 3674 singulae
2306 3593 2514 3652 centu-

249 3717 392 3782 riae
442 3717 830 3801 magistratus
867 3717 1254 3794 creavissent3
1312 3737 1537 3781 CICERO
1588 3718 1749 3781 enim
1786 3717 1872 3801 3):
1925 3717 2066 3795 „Tu
2104 3739 2244 3780 cum
2279 3737 2435 3780 esses
2450 3713 2515 3792 ,”

248 3843 505 3928 inquit,
555 3848 838 3929 „praetor
884 3844 1268 3910 renuntiatus
1288 3895 1304 3924 ‚
1355 3845 1661 3929 quomodo
1692 3867 1818 3908 non
1851 3845 1987 3929 ipsa
2018 3845 2331 3929 praeconis
2365 3865 2513 3908 voce

251 3971 562 4038 excitatus
613 3993 710 4051 es,
763 3972 866 4056 qui
915 3977 972 4034 te
1021 3973 1234 4038 totiens
1283 3973 1573 4038 seniorum
1601 3973 2019 4058 juniorumque
2075 3971 2357 4036 centuriis
2403 3971 2513 4034 illo

407 4257 444 4318 ¹)
515 4255 632 4306 Vide
666 4269 946 4316 Mommsen,
985 4259 1283 4308 Stadtrechte
1317 4275 1362 4323 p.
1401 4261 1529 4319 426,
1570 4262 1670 4310 not.
1716 4260 1811 4310 106
1840 4261 1885 4309 et
1928 4270 2229 4309 mnoumrn
2252 4257 2301 4306 in
2328 4257 2509 4322 Opere:

245 4349 328 4396 les
365 4341 528 4394 Tables
560 4357 610 4405 p.
645 4343 709 4390 41
749 4345 836 4391 not
871 4343 952 4390 22.

403 4427 443 4491 2)
513 4425 632 4476 Vide
668 4439 764 4477 cic.
806 4427 888 4478 Or.
925 4429 1049 4477 Phil.
1084 4428 1158 4488 11,
1201 4431 1280 4478 33.

401 4512 442 4574 ³)
513 4511 570 4560 In
607 4511 838 4563 Oratione
871 4513 922 4564 in
967 4517 1166 4565 Verrem.
1203 4515 1286 4574 ΙΙ,
1323 4515 1442 4580 Cap.
1477 4517 1642 4566 55.15.
