3027 5263
45 5048 73 5230 Γ-θ,

1326 559 1453 622 231

453 753 560 817 Me
602 752 844 837 judice,
897 759 1056 816 recte
1090 752 1516 816 animadvertit
1551 760 1794 830 auctor,
1834 775 1971 817 eum
2010 755 2116 838 qui
2162 754 2511 840 popularem

261 880 563 944 actionem
612 881 891 943 instituat
940 885 1384 964 procuratorem
1437 902 1570 943 esse
1622 879 1835 964 populi
1887 880 1971 964 ¹),
2025 880 2187 944 unde
2221 880 2384 965 quod
2419 904 2510 944 ac·

264 1009 436 1072 tione
486 1007 593 1070 illa
643 1014 1044 1090 consequatur
1093 1007 1265 1091 quis,
1318 1006 1660 1071 mandatori
1691 1007 1730 1071 i.
1767 1030 1821 1071 e.
1859 1007 2088 1092 populo
2115 1007 2394 1093 prodesse
2429 1008 2516 1071 di-

264 1133 526 1198 cendum
600 1140 710 1196 est.
812 1131 946 1196 Hoc
1018 1132 1267 1216 quidem
1334 1155 1555 1217 negare
1620 1156 1744 1196 non
1798 1134 1998 1218 potuit
2059 1153 2395 1199 DnnNBune
2427 1135 2514 1217 ²),

270 1268 537 1325 attamen
576 1282 686 1345 pro
720 1259 1017 1322 contraria
1051 1259 1350 1322 sententia
1382 1227 1766 1324 itehementer
1800 1269 2158 1346 propugnat.
2210 1282 2516 1324 MOMMSEN

274 1387 351 1450 ad
402 1409 574 1450 suam
625 1386 985 1449 sententiam
1040 1385 1511 1450 confirmandam
1563 1386 1924 1471 allegaverat
1946 1385 2140 1470 legem
2198 1389 2230 1450 7
2283 1389 2403 1470 §L
2437 1389 2514 1451 D.

272 1515 345 1578 de
388 1534 525 1598 pop.
576 1519 690 1575 act.
740 1512 844 1591 ubi
895 1512 1152 1595 legitur:
1252 1511 1429 1592 „Qui
1462 1511 1646 1576 habet
1681 1514 1786 1576 has
1819 1513 2084 1577 actiones
2118 1535 2245 1576 non
2294 1513 2522 1577 intelli-

273 1642 441 1725 gitur
490 1663 613 1703 esse
646 1638 1080 1723 locupletior'',
1141 1639 1347 1723 itaque
1386 1647 1640 1703 verterat
1674 1639 2098 1704 hunclocum:
2151 1639 2520 1724 „Derjenige

277 1769 385 1832 der
433 1769 564 1831 eine
613 1765 1062 1852 Popularklage
1111 1767 1356 1843 erhebt,
1411 1767 1522 1850 gilt
1572 1768 1747 1830 nicht
1796 1768 1881 1830 als
1929 1790 2032 1831 um
2081 1768 2256 1831 ihren
2297 1767 2521 1851 Betrag

275 1893 673 1958 bereichert.”
793 1894 1144 1956 DERNBURG
1233 1899 1435 1957 tamen
1535 1893 1712 1956 aliter
1801 1893 2062 1978 explicat
2127 1893 2304 1957 verba
2368 1893 2522 1978 legis

276 2023 507 2098 dictae3
560 2022 645 2084 ita
693 2021 852 2083 enim
903 2020 1210 2103 disputat:
1281 2018 1457 2099 „Qui
1508 2019 1691 2084 habet
1743 2021 1846 2084 has
1896 2021 2164 2084 actiones
2214 2021 2292 2083 ist
2342 2020 2524 2103 derje·

272 2151 421 2234 nige
467 2149 594 2212 und
642 2171 759 2211 nur
808 2149 1111 2233 derjenige
1161 2148 1413 2212 welcher
1461 2148 1802 2232 berechtigt
1853 2151 1934 2212 ist
1971 2149 2059 2213 sie
2108 2148 2518 2227 anzustellen‚

275 2277 407 2340 und
457 2275 562 2338 der
608 2276 693 2338 sie
744 2276 898 2340 noch
950 2275 1095 2338 nich
1145 2275 1464 2359 angestellt
1500 2275 1664 2338 ha·::.”
1762 2275 1851 2339 Re
1901 2299 2038 2339 vera
2077 2285 2223 2360 puto
2259 2276 2414 2339 hanc
2447 2275 2526 2339 le-

278 2427 419 2489 gem
484 2404 567 2465 ita
632 2402 1094 2485 intelligendam
1159 2425 1285 2465 esse
1337 2409 1405 2466 ut
1453 2403 1503 2465 is
1554 2402 1771 2467 habeat
1822 2404 2119 2467 actionem
2173 2403 2525 2488 popularem

278 2531 390 2616 qui
439 2528 655 2592 habeat
696 2529 796 2612 jus
829 2529 1189 2592 instituendi
1202 2556 1219 2607 3
1280 2530 1441 2592 hunc
1474 2537 1678 2593 tamen
1715 2553 1842 2594 esse
1877 2553 2010 2594 eum
2050 2531 2222 2594 cuius
2255 2531 2528 2606 intersit,

288 2658 636 2742 negandum
697 2656 962 2733 videtur,
1024 2680 1161 2720 nam
1221 2660 1332 2721 etsi
1393 2658 1640 2721 fortasse
1676 2658 2121 2743 praeferebatur
2154 2659 2290 2735 ille,
2325 2659 2536 2743 procul

286 2784 475 2847 dubio
505 2792 704 2846 tamen
726 2783 827 2867 jus
854 2785 1106 2847 actionis
1139 2784 1549 2849 instituendae
1586 2785 1964 2870 competebat
1991 2787 2182 2849 cuivis
2207 2788 2281 2851 de
2307 2786 2536 2872 populo

290 2912 399 2997 qui
446 2934 572 2973 non
622 2910 1051 2995 prohibebatur
1098 2911 1249 2996 lege.
1350 2912 1674 2996 Quidquid
1724 2923 1926 2977 autem
1968 2914 2311 2998 significant
2359 2915 2538 2979 verba

286 3039 445 3123 „qui
494 3036 672 3101 habet
721 3038 828 3101 has
880 3039 1186 3102 actiones'’
1208 3088 1227 3117 ,
1274 3038 1470 3123 legem
1509 3039 1816 3104 laudatam
1851 3042 2050 3105 favere
2083 3048 2233 3125 puto
2267 3041 2540 3125 opinioni

287 3188 472 3250 quam
552 3184 860 3228 MOMMSEN
922 3169 1166 3245 tuetur,
1256 3187 1396 3229 cum
1462 3167 1817 3251 quicunque
1875 3167 2158 3231 instituat
2221 3190 2341 3231 non
2411 3191 2541 3233 esse

286 3292 653 3378 locupletior
700 3291 1095 3376 intelligatur.
1188 3294 1534 3358 Dmmnnne
1589 3295 1752 3359 aliud
1805 3318 2045 3381 quoque
2095 3296 2388 3382 placitum
2438 3296 2541 3360 Di-

288 3427 595 3505 gestorum
647 3441 915 3503 prosua
949 3421 1249 3482 sententia
1282 3419 1595 3505 allegavit,
1651 3444 1732 3485 sc.
1769 3422 1966 3507 legem
2010 3426 2086 3485 12
2132 3422 2204 3486 D.
2243 3422 2314 3485 de
2374 3422 2541 3487 Verb.

292 3549 498 3629 δίψα,
552 3546 655 3610 ubi
706 3546 813 3632 qui
876 3545 1225 3631 popularem
1294 3548 1597 3612 actionem
1661 3549 1929 3613 instituit
1979 3556 2116 3613 ante
2166 3548 2294 3612 litis
2343 3555 2544 3613 conte-

288 3674 617 3740 stationem
663 3696 787 3737 non
836 3673 1147 3738 creditoris
1194 3673 1365 3753 1000,
1416 3682 1553 3761 post
1604 3698 1735 3740 eam
1777 3675 2088 3740 creditoris
2123 3676 2258 3739 loco
2291 3698 2419 3740 esse
2456 3674 2542 3739 di-

291 3804 475 3869 citur.
528 3801 646 3865 Sed
695 3823 772 3865 ne
820 3802 975 3866 hanc
1025 3802 1271 3887 quidem
1308 3803 1500 3888 legem
1531 3804 1587 3867 ei
1614 3803 1812 3868 favere
1840 3811 2009 3890 put0.
2062 3803 2221 3867 Nam
2256 3812 2392 3889 post
2418 3803 2547 3867 litis

294 3929 798 3995 contestationem
850 3929 1164 3993 creditoris
1212 3928 1346 3993 loco
1396 3952 1528 3994 esse
1577 3930 1838 4009 dicitur,
1884 3938 2023 3995 ante
2053 3952 2185 3994 eam
2211 3931 2543 4010 nonitem,

445 4140 479 4194 ¹)
552 4139 671 4186 Eum
729 4138 806 4200 qui
865 4138 1096 4186 actionem
1152 4139 1432 4203 popularem
1489 4139 1701 4188 instituit
1735 4156 1873 4203 agere
1909 4145 2132 4203 tanquam
2171 4138 2549 4197 mandatarium,

292 4224 507 4293 probant
552 4224 678 4284 leges
718 4226 743 4269 5
783 4223 844 4272 D.
881 4224 939 4270 de
965 4238 1078 4283 pop.
1114 4228 1205 4274 act.
1244 4222 1429 4284 (4723)
1467 4229 1516 4273 et
1553 4226 1617 4272 42
1657 4224 1713 4272 D.
1745 4227 1802 4272 de
1830 4240 2025 4286 procur.
2063 4226 2208 4284 233),
2239 4224 2318 4271 ubi
2343 4224 2551 4273 traditur

290 4312 342 4360 in
403 4306 714 4373 popularibus
768 4306 1035 4356 actionibus
1095 4313 1451 4372 procuratorem
1508 4309 1611 4357 dari
1671 4324 1768 4358 non
1822 4324 1961 4373 posse
2016 4309 2075 4357 ab
2113 4324 2167 4357 eo
2198 4308 2275 4371 qui
2313 4308 2550 4357 actionem

292 4398 505 4447 moveat.

443 4479 482 4543 2)
520 4476 590 4527 Cf.
629 4490 737 4527 eum
773 4478 821 4526 in
865 4480 1114 4529 Comment-
1148 4478 1184 4528 l.
1221 4494 1270 4543 p.
1306 4478 1530 4531 91-94.
