3027 5263
1600 539 1729 599 158

541 756 836 799 summam
869 754 904 797 a
938 729 1164 818 populo
1207 732 1292 817 ¹),
1345 730 1396 795 is
1444 730 1705 815 denique
1738 731 1847 816 qui
1870 730 2125 795 multam
2162 730 2420 797 debebat
2445 730 2680 818 populo
2714 736 2790 819 ²).

541 863 642 927 Ad
691 863 838 927 haec
886 866 1240 945 argumenta
1287 859 1517 923 accedit
1565 859 1819 923 historia
1866 858 2165 923 cautionis
2200 861 2322 925 sive
2355 862 2559 945 potius
2608 886 2795 927 causa

541 1014 662 1076 qua
738 990 966 1053 factum
1032 988 1111 1051 sit
1183 996 1251 1051 ut
1333 988 1537 1052 cautio
1602 986 1925 1072 praedibus
1996 989 2378 1073 praediisque
2451 992 2789 1055 evanuerit.

539 1120 794 1183 Prorsus
841 1115 1088 1180 evanuit
1135 1114 1296 1178 enim
1345 1122 1670 1200 postquam
1717 1115 2008 1179 aerarium
2058 1116 2270 1202 populi
2324 1118 2463 1181 fisco
2512 1117 2789 1203 Impera-

539 1248 688 1311 toris
739 1245 940 1310 cessit.
1037 1243 1248 1307 Fiscus
1317 1243 1420 1306 ille
1491 1242 1604 1306 sub
1680 1244 1891 1329 primis
1957 1245 2083 1329 jam
2129 1244 2613 1329 Imperatoribus
2668 1271 2795 1311 ma·

540 1397 722 1461 gnam
792 1380 1018 1459 partem
1098 1371 1406 1435 redituum
1479 1370 1863 1455 publicorum
1920 1374 2022 1457 (sc.
2076 1394 2151 1435 ex
2216 1374 2545 1456 provinciis
2591 1374 2796 1460 Impe-

541 1503 780 1584 ratoris)
855 1500 932 1563 ad
983 1522 1046 1563 se
1095 1499 1310 1576 traxit3
1390 1498 1561 1562 iuxta
1638 1521 1775 1563 eum
1826 1522 1970 1563 sane
2020 1500 2339 1567 etiamtum
2386 1501 2581 1567 adfuit
2632 1526 2797 1567 aera·

540 1632 698 1695 rium
736 1629 816 1713 3),
881 1633 1088 1713 postea
1169 1634 1370 1690 tamen
1449 1649 1587 1689 cum
1654 1650 1860 1691 omnes
1926 1628 2275 1713 provinciae
2353 1629 2431 1693 ad
2503 1629 2793 1695 Caesares

539 1758 1030 1833 transferremur,
1079 1755 1260 1819 fiscus
1310 1754 1609 1818 aerarium
1660 1777 1902 1839 prorsus
1952 1756 2191 1840 excepit
2226 1756 2292 1840 4).
2372 1757 2465 1821 Ex
2520 1758 2795 1843 Digestis

543 1894 785 1969 apparet
871 1883 1016 1946 fisco
1107 1881 1559 1965 fidejussoribus
1586 1882 1634 1965 ⁵)
1724 1882 1814 1945 vel
1884 1882 2150 1967 generali
2228 1884 2293 1948 in
2370 1883 2547 1948 bonis
2625 1885 2793 1950 debi-

541 2021 740 2079 torum
829 2010 1167 2096 hypotheca
1247 2010 1444 2073 caveri
1478 2009 1524 2092 ⁰)
1546 2058 1563 2088 ,
1639 2010 1759 2073 imo
1847 2010 2144 2074 cautionis
2219 2012 2543 2095 praedibus
2623 2037 2793 2099 prae-

540 2142 774 2225 diisque
837 2140 898 2203 in
965 2136 1086 2201 illis
1150 2136 1320 2199 nulla
1377 2138 1445 2199 fit
1496 2138 1722 2201 mentio
1761 2138 1829 2219 ⁷).
1930 2139 2108 2202 Ratio
2160 2162 2265 2202 cur
2314 2144 2377 2202 in
2440 2141 2793 2205 desuetudi-

541 2292 680 2335 nem
744 2267 962 2332 abierit
1025 2265 1172 2328 haec
1243 2264 1442 2328 cautio
1517 2266 1582 2327 in
1655 2272 1939 2351 promptu
2014 2273 2129 2345 est,
2198 2289 2339 2331 nam
2408 2270 2587 2331 fiscus
2656 2276 2789 2333 erat

686 2504 720 2566 ¹)
791 2502 910 2551 Vide
949 2514 1155 2559 Livium,
1198 2500 1302 2549 Lib.
1345 2500 1424 2549 22.
1463 2500 1579 2563 Cap.
1624 2502 1702 2550 60.

675 2589 716 2651 ἓ)
787 2588 901 2637 Vide
939 2600 1184 2644 esturmi,
1227 2586 1359 2635 Noct.
1400 2588 1501 2636 Act.
1539 2585 1642 2636 Lib.
1683 2587 1727 2636 6.
1768 2586 1885 2650 Cap.
1928 2586 2009 2637 19.
2045 2625 2047 2629 v

675 2675 714 2738 ³)
787 2674 904 2722 Vide
939 2685 1184 2730 Pul-inm,
1222 2671 1394 2736 Paney.
1433 2671 1549 2735 cap.
1572 2672 1659 2728 26;
1684 2671 1900 2736 pluribus
1920 2673 1977 2721 de
1998 2671 2086 2722 hac
2106 2687 2245 2722 causa
2269 2673 2483 2738 disputat
2508 2687 2703 2724 Pnoura
2726 2677 2779 2724 in

541 2762 625 2822 Op.
663 2761 697 2809 l.
723 2761 738 2807 1
765 2775 812 2823 p.
833 2758 953 2808 378.

673 2842 713 2903 4)
788 2843 924 2892 Unde
961 2839 1117 2890 evenit
1155 2845 1206 2889 ut
1241 2842 1378 2889 fiscus
1416 2840 1651 2890 aerarium
1689 2841 1950 2899 diceretur,
1985 2857 2011 2890 a
2048 2857 2141 2904 quo
2179 2845 2321 2890 antea
2357 2846 2577 2892 accurate
2614 2843 2787 2892 distin-

535 2930 791 2994 guebatur;
831 2927 894 2977 cf.
933 2927 1022 2989 leg.
1066 2926 1124 2975 13
1165 2942 1236 2989 pr.
1275 2929 1322 2974 et
1365 2927 1421 2974 15
1443 2942 1517 2991 pr.
1556 2930 1577 2988 §
1618 2927 1659 2975 1.
1700 2929 1721 2986 §
1759 2928 1805 2974 3.
1843 2929 1863 2986 §
1904 2929 1949 2976 5.
1984 2927 2170 2988 dejure
2194 2927 2321 2976 Fisci
2355 2929 2547 2992 (49.14)
2584 2929 2643 2977 ef.
2669 2943 2785 2977 SER-

535 3027 698 3063 RioNY
733 3013 779 3060 in
823 3015 974 3074 Opere
1008 3011 1142 3061 laucl.
1177 3011 1230 3068 Ι,
1269 3027 1315 3075 p.
1354 3009 1434 3060 97.

675 3098 715 3160 5)
787 3097 903 3146 Vide
956 3097 1045 3158 leg.
1085 3097 1147 3153 9,
1186 3111 1259 3160 pr.
1297 3097 1356 3144 D.
1393 3096 1458 3144 de
1484 3097 1614 3158 publ.
1652 3101 1699 3142 et
1730 3099 1846 3143 vect.
1884 3097 2053 3155 (39.4).
2093 3101 2142 3144 et
2180 3096 2268 3159 leg.
2312 3096 2341 3144 2
2376 3097 2398 3156 §
2438 3097 2494 3145 11
2539 3101 2586 3144 et
2628 3099 2689 3145 12
2727 3098 2787 3148 D.

535 3185 594 3233 de
627 3185 748 3232 adm..
786 3199 879 3232 rer.
915 3183 984 3230 ad
1016 3183 1100 3231 cio.
1133 3186 1259 3244 pert.
1298 3181 1471 3242 (50.8).
1506 3181 1601 3228 Pro
1623 3181 1973 3243 magistratibus
1996 3197 2181 3246 quoque
2200 3181 2500 3245 fidejussores
2522 3183 2787 3242 cavebant3

538 3269 644 3316 vide
681 3267 771 3331 leg.
813 3267 886 3316 17.
924 3271 945 3328 §
991 3269 1045 3314 15
1088 3267 1143 3315 D.
1180 3267 1246 3314 ad
1277 3283 1398 3314 mun.
1442 3266 1610 3327 (50.1).
1650 3266 1740 3328 leg.
1783 3267 1805 3313 1
1847 3282 1917 3329 pr.
1960 3267 2015 3314 D.
2052 3269 2109 3313 de
2144 3282 2410 3329 maffia-ono.
2453 3266 2606 3328 (27.8)
2628 3273 2675 3314 et
2696 3268 2785 3331 leg.

540 3354 726 3402 unicam
764 3351 879 3400 cod.
918 3353 978 3400 de
1003 3353 1220 3413 periculo
1263 3367 1418 3400 eorum
1455 3352 1536 3415 qni
1563 3367 1653 3413 pro
1689 3351 1897 3415 maqistr.
1934 3351 2135 3411 (11.35).

677 3437 716 3500 θ)
787 3438 858 3486 Cf.
895 3450 1202 3486 zrirmairffl
1241 3438 1289 3486 in
1334 3439 1464 3486 Dias.
1503 3453 1548 3500 p.
1590 3440 1667 3485 54.
1739 3437 1933 3484 Temere
1972 3450 2247 3485 nssnxnuec
2284 3437 2330 3484 in
2360 3438 2547 3500 Opere:
2578 3438 2787 3501 Psandr.

538 3526 589 3586 1,
626 3541 675 3588 p.
712 3525 879 3580 43,44.
917 3539 1022 3570 curn
1061 3524 1220 3570 omnia
1257 3523 1380 3570 bona
1420 3523 1647 3586 pracdum
1685 3522 1892 3586 obligata
1932 3522 2151 3569 dieantur
2188 3523 2233 3569 in
2265 3521 2378 3585 Cap.
2402 3523 2465 3570 64
2494 3522 2613 3586 legis
2640 3524 2789 3580 Mal..

541 3610 809 3669 contendit,
852 3608 1121 3673 generalem
1162 3609 1294 3657 iilam
1331 3608 1649 3673 hypothecam
1679 3624 1703 3656 a
1731 3607 1841 3656 fiseo
1864 3606 1912 3655 in
1935 3609 2169 3656 aerarium
2188 3608 2467 3655 translatam
2494 3623 2620 3667 csse;
2644 3610 2706 3657 ef.
2732 3611 2790 3658 ad

538 3697 665 3746 hune
700 3695 860 3744 locum
901 3706 1078 3742 mvn-:n
1116 3694 1162 3741 in
1207 3693 1290 3754 Op.
1329 3695 1364 3742 l.
1403 3709 1448 3757 p.
1488 3695 1567 3742 88.

683 3780 716 3840 ⁷)
804 3779 1121 3835 Delminum,
1162 3779 1364 3841 Pfandr.
1404 3777 1442 3826 Ι.
1511 3794 1558 3841 p.
1596 3777 1683 3837 28,
1740 3783 1839 3826 not.
1879 3777 1905 3828 7
1964 3776 2209 3826 contendit
2262 3776 2310 3824 in
2361 3776 2465 3838 lege
2503 3777 2532 3825 6
2569 3779 2591 3837 §
2630 3776 2679 3828 7.
2732 3780 2790 3830 D.

539 3882 698 3916 comm.
735 3867 830 3914 dio.
868 3865 1025 3924 (10.3)
1064 3863 1381 3928 „praedibus”
1419 3863 1670 3926 legendum
1693 3878 1807 3912 esse.
1848 3863 2139 3920 Mommsen,
2178 3863 2474 3910 Stadtrecbaee
2496 3865 2667 3926 p.466
2687 3869 2787 3914 not.

540 3953 605 4000 40
641 3951 707 3999 ibi
743 3949 858 4012 legit
895 3949 1184 4012 „praediis.’'
1219 3949 1375 4012 Magis
1414 3948 1683 3998 verisimilis
1710 3949 1825 3998 mihi
1850 3948 2039 3997 videtur
2069 3947 2368 4010 conjectura,
2400 3964 2542 4011 qnam
2569 3962 2789 3999 zmirna-

539 4049 650 4086 ΜΛΝ
693 4036 740 4084 iu
781 4036 904 4084 Diss.
944 4051 990 4098 p.
1034 4035 1060 4083 2
1101 4039 1197 4083 not.
1237 4036 1264 4082 3
1308 4035 1581 4099 proposuit3
1620 4035 1795 4082 etenim
1834 4035 1878 4082 in
1917 4033 2019 4096 lege
2045 4033 2157 4090 illa,
2198 4033 2355 4082 ubido
2380 4033 2604 4082 cautione
2626 4035 2787 4085 damni

540 4120 705 4170 infecti
743 4120 924 4185 agitur,
963 4121 1194 4183 scriptum
1231 4119 1374 4168 fuisse
1411 4123 1549 4184 putat
1571 4135 1689 4184 „pro
1710 4118 1953 4167 aedibu8.''
1994 4120 2126 4167 Haec
2146 4118 2418 4181 conjectura
2441 4119 2586 4181 (quod
2612 4120 2791 4184 primus

541 4205 878 4256 animadvertit
914 4205 986 4253 vir
1023 4206 1082 4254 ei.
1118 4219 1157 4254 J.
1196 4220 1240 4255 u.
1278 4218 1535 4254 uounsmr
1560 4206 1606 4253 in
1649 4205 2221 4268 Commentationequam
2244 4205 2447 4252 inseruit
2470 4205 2647 4253 Diario
2664 4207 2791 4254 duri-

481 4343 484 4348 ,
541 4294 646 4342 dico
697 4290 942 4349 „Themis”
1004 4292 1126 4339 1863
1183 4307 1258 4340 no.
1297 4293 1354 4349 4,
1413 4307 1532 4354 quae
1569 4306 1816 4340 censuram
1853 4291 2068 4338 eontinet
2106 4289 2255 4336 libelli
2294 4305 2427 4336 eous.
2466 4302 2651 4337 nra-ren
2686 4293 2791 4340 vide

544 4395 589 4444 p.
629 4377 744 4438 552)
768 4391 1048 4442 magnopere
1086 4376 1396 4424 confirmatur
1433 4375 1626 4424 Scholio
1647 4388 1873 4432 erranti,
1918 4389 2080 4424 nasu„
2104 4375 2167 4422 12
2187 4411 2199 4430 ,
2223 4373 2268 4423 2.
2298 4374 2355 4430 6,
2379 4375 2435 4430 8,
2457 4373 2541 4422 ubi
2569 4379 2783 4426 notatum

543 4462 702 4514 estad
737 4461 864 4512 hunc
899 4460 1084 4512 locum:
1125 4459 1297 4536 »ὑπὲρ
1335 4464 1506 4516 κοινοῦ
1545 4463 1645 4516 τοῦ
1684 4456 1863 4515 οΞΞεου.”
