3027 5263
1600 553 1685 613 24

523 754 797 819 redactos
867 771 993 815 esse
1027 751 1068 833 ¹)
1085 773 1105 827 3
1181 747 1234 811 si
1305 751 1515 812 contra
1578 741 1858 808 beneficii
1906 761 2085 805 causa
2111 741 2164 827 ²)
2212 738 2309 804 vel
2372 738 2578 825 potius
2642 761 2777 804 non

523 883 590 945 in
638 901 898 966 poenam
947 877 1258 941 civitatem
1309 873 1478 938 illam
1527 871 2037 957 adipiscerentur,
2090 867 2373 935 convenit
2396 890 2537 933 cum
2564 889 2779 932 rerum

495 1013 740 1070 natura
795 1027 900 1070 eos
949 1003 1196 1069 meliore
1247 1000 1609 1066 condicione
1657 1019 1803 1063 usos
1852 1019 1998 1062 esse.

707 1133 914 1217 Usque
963 1131 1039 1196 ad
1087 1129 1316 1194 bellum
1366 1127 1587 1192 sociale
1633 1125 1903 1213 plurima
1936 1123 2266 1210 municipia
2297 1124 2375 1188 ad
2407 1124 2779 1188 alterutrum

520 1282 716 1346 genus
771 1259 978 1324 referri
1040 1280 1215 1343 posse
1279 1255 1568 1333 arbitror3
1637 1261 1846 1341 postea
1893 1259 2097 1317 tamen
2144 1258 2361 1318 notum
2408 1258 2500 1316 est
2548 1252 2780 1317 multo·

519 1411 656 1452 rum
705 1385 1182 1471 municipiorum
1232 1382 1652 1447 condicionem
1703 1401 2063 1466 magnopere
2114 1401 2241 1444 esse
2273 1385 2608 1457 mutatam3
2635 1385 2777 1444 tum

518 1516 681 1580 enim
752 1515 888 1600 lege
934 1512 1103 1576 Julia
1153 1517 1214 1576 et
1263 1509 1506 1576 Plautia
1554 1507 1799 1593 Papiria
1850 1507 2061 1571 civitas
2101 1507 2336 1592 optimo
2372 1506 2510 1592 jure
2556 1507 2775 1571 civita-

519 1644 690 1706 tibus
763 1641 1183 1724 cuiuscunque
1249 1638 1406 1722 juris
1481 1635 1685 1699 oblata
1733 1640 1823 1699 est
1870 1640 2054 1719 atque
2103 1633 2540 1720 accipientibus
2589 1635 2775 1712 data,

523 1768 691 1854 quod
759 1766 1000 1852 egregie
1065 1762 1331 1828 ostendit
1376 1782 1617 1827 PAULns
1667 1784 1807 1826 cum
1855 1761 2035 1825 urbes
2087 1760 2481 1826 diversissimi
2522 1761 2681 1846 juris
2724 1760 2776 1845 ³)

525 1917 653 1960 una
692 1892 1044 1958 definitione
1095 1889 1601 1976 comprehendat,
1654 1889 2083 1974 civitatemque
2131 1889 2209 1952 iis
2258 1888 2583 1953 adscribat.
2677 1888 2781 1955 Ita

531 2022 700 2088 enim
748 2020 1052 2105 loquitur:
1101 2018 1355 2098 „Tertio
1406 2020 1571 2104 (nam
1620 2017 1892 2101 sequitur
1940 2016 2087 2081 haec
2137 2015 2411 2080 definitio
2458 2017 2609 2080 duas
2640 2015 2781 2080 illas

523 2172 672 2236 quas
740 2148 866 2235 jam
941 2147 1148 2230 citavi)
1225 2167 1418 2231 quum
1465 2145 1532 2208 id
1582 2165 1775 2230 genus
1830 2142 2151 2207 hominum
2202 2142 2493 2207 definitur
2540 2144 2650 2228 qui
2697 2144 2781 2208 ad

526 2277 833 2344 civitatem
907 2276 995 2338 ita
1043 2279 1342 2339 venerunt
1389 2278 1460 2336 ut
1505 2271 1851 2356 municipes
1910 2276 2109 2334 essent
2158 2291 2301 2334 suae
2350 2270 2646 2355 cuiusque
2694 2270 2779 2334 ci-

523 2405 732 2470 vitatis
779 2409 840 2466 et
872 2401 1146 2468 coloniae
1192 2405 1266 2465 ut
1311 2399 1631 2476 Tiburtes„
1678 2397 2090 2475 Praenestini,
2124 2397 2370 2478 Pisani,
2403 2386 2734 2463 Urbinates
2754 2449 2774 2479 ‚

676 2674 713 2737 ¹)
780 2673 939 2738 Negat
956 2673 1043 2722 Dr.
1073 2682 1180 2720 nrt
1201 2682 1321 2720 mna
1344 2668 1394 2718 in
1420 2667 1652 2735 opusculo
1675 2668 1886 2719 laudato=
1914 2667 2338 2735 Besehouwinqen,
2364 2672 2458 2720 cet.
2480 2686 2530 2735 p.
2555 2668 2775 2732 17-20,

541 2760 786 2811 civitatem
839 2758 940 2807 sine
993 2755 1218 2820 suffragio
1263 2770 1445 2820 poenae
1481 2754 1592 2803 loco
1627 2755 1789 2804 datam
1822 2754 1982 2804 fuisse.
2020 2754 2070 2803 Si
2105 2767 2221 2803 vero
2255 2756 2499 2804 teneamus
2536 2756 2779 2807 civitatem

530 2844 632 2893 sine
683 2842 912 2906 suffragio
963 2840 1152 2906 saepius
1189 2854 1464 2889 concessam
1499 2838 1647 2888 fuisse
1680 2838 1740 2887 iis
1775 2838 1857 2903 qui
1895 2838 2073 2887 bellum
2107 2840 2365 2904 gessissent
2399 2844 2567 2890 contra
2600 2840 2779 2891 Roma·

531 2944 647 2989 nos,
702 2927 799 2977 imo
853 2942 962 2975 cum
1015 2925 1268 2991 largitione
1310 2924 1451 2973 huius
1479 2924 1605 2987 juris
1642 2924 1954 2987 conjunctum
1990 2924 2135 2972 fuisse
2169 2925 2417 2973 interitum
2453 2926 2522 2973 rei
2558 2926 2779 2989 publicae

531 3030 700 3065 eorum
735 3012 815 3077 qui
852 3010 1148 3077 accepissent
1182 3009 1304 3059 illud
1339 3026 1435 3058 non
1470 3008 1611 3059 facile
1646 3024 1735 3073 pro
1770 3008 1982 3074 praemio
2018 3008 2185 3057 haberi
2209 3011 2384 3073 potest.
2424 3010 2627 3060 Accedit
2652 3012 2780 3074 quod

533 3098 661 3164 apud
695 3110 884 3147 mvnm
920 3096 1077 3158 (9.45)
1113 3094 1314 3157 legimus
1350 3094 1406 3141 de
1443 3093 1639 3141 civitate
1672 3093 1939 3142 necessaria
1950 3114 1969 3150 ,·
2004 3093 2283 3143 beneficium
2320 3097 2478 3144 autem
2498 3111 2594 3144 non
2614 3096 2778 3145 obtru-

530 3184 684 3241 ditur,
742 3182 827 3231 sed
879 3180 1077 3246 perinde
1129 3194 1185 3227 ac
1237 3179 1278 3228 si
1327 3178 1656 3243 quaestionem
1691 3177 1877 3227 solvere
1914 3176 2171 3236 voluisset,
2206 3177 2341 3227 addit
2374 3178 2500 3229 hanc
2534 3180 2778 3231 civitatem

531 3266 696 3317 datam
731 3280 832 3314 esse
869 3280 991 3328 „pro
1020 3261 1227 3325 poena.’'

675 3350 900 3400 Ceterum
953 3347 1140 3397 auctori
1194 3346 1400 3396 libenter
1449 3346 1663 3395 concedo
1697 3360 2041 3410 nonnunquam
2075 3363 2165 3412 pro
2199 3347 2411 3414 praemio
2447 3348 2609 3399 datam
2635 3349 2779 3401 fuisse

535 3434 778 3486 civitatem
814 3433 916 3481 sine
951 3431 1174 3496 suffragio
1212 3431 1339 3496 quod
1375 3431 1476 3495 ipse
1509 3435 1678 3480 contra
1706 3430 1796 3481 vir.
1820 3430 1881 3480 cl.
1906 3444 2066 3480 rn‘rna
2088 3432 2290 3481 sustinui
2306 3451 2321 3492 3
2347 3448 2506 3493 error,
2531 3438 2693 3483 autem
2727 3436 2781 3485 in

527 3535 676 3585 quem
712 3518 881 3567 incidit
917 3518 1002 3567 Dr.
1041 3530 1143 3566 van
1179 3529 1302 3567 mm
1347 3517 1483 3575 inde,
1524 3516 1574 3565 ni
1608 3515 1775 3574 fallor,
1815 3516 2123 3581 explicandus
2157 3517 2287 3581 quod
2313 3519 2543 3567 nonsatis
2578 3520 2783 3571 attendit

535 3604 598 3655 ad
632 3604 870 3653 diversam
906 3601 1039 3651 illam
1073 3600 1280 3651 civitatis
1315 3602 1418 3651 sinc
1452 3602 1678 3667 suffragio
1705 3605 1930 3651 naturam
1955 3616 2096 3665 quam
2113 3605 2297 3650 veteres
2316 3602 2532 3651 indicant
2550 3608 2781 3657 auctores.

673 3688 714 3751 2)
784 3689 958 3738 Pn‘rna
992 3687 1043 3736 iu
1083 3687 1250 3737 Comm.
1289 3689 1322 3737 l.
1360 3702 1408 3751 p.
1447 3688 1563 3737 204.
1599 3688 1839 3752 professus
1874 3689 1950 3735 est
1985 3702 2067 3735 eos
2104 3686 2259 3735 socios
2296 3688 2378 3751 qui
2413 3688 2657 3738 civitatem
2682 3688 2783 3740 sine

542 3772 767 3835 suffragio
803 3773 1048 3822 consecuti
1085 3774 1222 3821 erant
1261 3771 1508 3821 deterioris
1540 3771 1663 3834 juris
1697 3772 1852 3822 factos
1880 3787 1981 3820 esse
2005 3771 2156 3835 iisque
2180 3786 2365 3837 semper
2389 3772 2630 3823 civitatem
2651 3774 2781 3825 illam

543 3873 726 3924 poenae
778 3872 920 3906 causa
973 3857 1132 3906 datam
1183 3854 1303 3907 esse.
1374 3856 1704 3915 Contrarium,
1762 3873 1838 3906 me
1886 3856 2072 3920 judice,
2127 3872 2185 3905 ex
2230 3869 2370 3907 Livio
2419 3858 2536 3908 8.14
2571 3862 2786 3924 apparet.

540 3941 748 4005 Scripsit
782 3942 938 3990 enimz
975 3940 1286 4005 „Campanis,
1309 3941 1519 4005 equitum
1552 3940 1743 3990 honoris
1776 3956 1923 3990 eausa
1958 3942 2041 4006 qui
2074 3958 2179 3991 cum
2213 3943 2408 3991 Latinis
2440 3944 2671 3993 rebellare
2698 3960 2783 3993 no-

541 4028 742 4077 luissent
792 4024 935 4089 (quod
984 4024 1132 4089 igitur
1166 4028 1238 4074 est
1290 4040 1433 4075 causa
1470 4024 1678 4074 civitatis
1713 4026 1870 4088 datae)
1906 4025 2242 4091 Fundanisque
2278 4031 2326 4076 et
2359 4027 2626 4077 Formianis
2662 4030 2788 4093 quod

530 4128 625 4177 per
642 4112 774 4175 fines
807 4125 966 4158 eorum
999 4113 1106 4158 tuta
1129 4114 1402 4174 pacataque
1434 4125 1619 4171 semper
1637 4110 1821 4172 fuisset
1854 4110 1931 4161 via
1963 4110 2131 4160 civitas
2155 4110 2268 4160 data
2292 4113 2489 4162 estsine
2513 4112 2784 4175 suffragio.’'

544 4196 759 4259 Cumque
795 4194 844 4244 in
881 4194 1044 4243 eadem
1079 4194 1276 4259 periodo
1311 4194 1539 4259 adjecerit
1575 4194 1811 4244 Cumanos
1847 4195 2057 4244 eiusdem
2088 4195 2211 4259 juris
2246 4212 2303 4247 ac
2322 4197 2620 4248 condicionis
2636 4198 2781 4248 factos

541 4296 644 4331 esse
679 4280 739 4330 iis
773 4294 961 4344 quoque
996 4279 1213 4329 beneficii
1248 4294 1390 4328 causa
1427 4279 1671 4329 civitatem
1705 4279 1999 4344 impertitam
2034 4296 2136 4331 esse
2169 4284 2305 4346 puto.

682 4365 728 4427 ³)
793 4365 945 4415 Tibur
977 4366 1030 4416 et
1061 4364 1320 4414 Praeneste
1358 4378 1405 4414 v.
1441 4380 1488 4428 g.
1526 4366 1669 4414 crant
1703 4364 1903 4415 Latinae
1938 4365 2105 4427 urbes,
2142 4365 2257 4417 Pisa
2289 4365 2515 4427 Etrusca,
2551 4365 2782 4418 Urbinum

549 4450 792 4501 Umbrica.

2792 4385 2839 4756 i

2796 4860 2810 4924 —n—
2805 4773 2816 4798 u
