3027 5263
1308 553 1384 613 ll

227 745 508 830 „Utique
593 766 748 829 quae
829 747 970 808 ante
1043 742 1198 807 hanc
1276 742 1472 828 legem
1545 749 1812 830 rogatam
1899 750 2031 810 acta
2049 793 2068 824 ,
2117 752 2318 832 gesta,
2370 747 2472 812 de-

213 879 416 952 creta,
467 872 758 956 imperata
806 868 880 935 ab
930 869 1302 956 Imperatore
1361 870 1613 936 Caesare
1661 891 2033 938 VEsPAsrmo
2094 874 2255 959 Aug.
2291 873 2469 958 jussu

215 1000 631 1084 mandataque
680 999 808 1062 eius
855 1020 890 1061 a
939 1020 1182 1083 quoque
1229 1004 1376 1062 sunt
1423 1021 1493 1063 ea
1543 998 1793 1084 perinde
1824 1000 1989 1085 justa
2020 977 2271 1086 rataque
2302 1001 2463 1078 sint,

215 1150 294 1191 ac
339 1127 394 1193 ai
431 1128 647 1208 populi
684 1126 942 1207 plebisve
990 1126 1154 1190 iussu
1200 1132 1334 1191 acta
1391 1125 1648 1192 essent.’'

409 1255 704 1337 Quamvis
753 1254 982 1339 igitur,
1030 1254 1124 1318 uti
1173 1255 1490 1320 ostendere
1540 1262 1796 1320 conatus
1846 1277 2019 1332 sum,
2069 1253 2317 1340 probari
2362 1277 2467 1319 ne-

209 1388 398 1469 queat
445 1404 642 1467 neque
689 1380 872 1446 liceat
917 1381 1056 1446 ideo
1105 1383 1503 1461 contendere,
1554 1383 1751 1470 legem
1799 1389 1936 1469 post
1982 1381 2297 1448 Tiberium
2345 1382 2465 1447 alio

207 1511 398 1576 modo
447 1510 841 1576 constitutam
887 1531 1019 1574 esse
1082 1531 1267 1594 quam
1329 1510 1441 1575 sub
1488 1513 1805 1597 Augusto,
1856 1517 2061 1576 tamen
2108 1511 2179 1575 in
2224 1509 2467 1596 legibus

207 1637 328 1703 sub
393 1634 868 1723 Imperatoribus
932 1637 1075 1700 latis
1123 1643 1322 1722 partes
1369 1637 1588 1723 populi
1642 1659 1767 1702 non
1815 1644 2016 1702 tantas
2062 1638 2248 1703 fuisse
2296 1659 2461 1716 reor,

207 1771 478 1852 quantae
549 1765 799 1830 florente
846 1764 1156 1850 republica
1203 1765 1293 1828 illi
1340 1765 1680 1850 impertitae
1728 1765 1975 1830 fuerint.
2072 1763 2200 1829 Sub
2250 1764 2465 1828 Caesa-

207 1893 382 1958 ribus
413 1893 618 1978 potius
649 1893 810 1978 leges
845 1893 1114 1957 vocanda
1149 1893 1408 1957 Senatus
1441 1893 1715 1957 consulta
1746 1916 1781 1956 a
1822 1892 2053 1979 populo
2088 1892 2459 1957 confirmata.

403 2020 590 2102 Quod
654 2020 731 2083 ad
793 2020 956 2105 ipsas
1018 2019 1180 2105 leges
1243 2025 1477 2084 nostras
1528 2020 1780 2099 attinet,
1828 2020 1949 2084 alia
1999 2019 2235 2085 accedit
2282 2041 2464 2085 causa

211 2171 324 2214 cur
371 2148 648 2234 opinioni
694 2147 974 2212 laudatae
1023 2147 1273 2232 obloqui
1321 2170 1500 2234 cogar
1518 2173 1538 2226 3
1572 2148 1776 2212 minus
1812 2148 1975 2212 enim
2010 2169 2192 2232 quam
2223 2169 2334 2232 par
2374 2152 2463 2212 ast

195 2277 341 2341 ‘fere
389 2298 594 2340 omnes
656 2275 1018 2361 interpretes
1082 2275 1390 2340 attendere
1463 2275 1747 2340 videntur
1792 2275 1870 2340 ad
1920 2275 2279 2340 divisionem
2326 2295 2463 2359 pro·

213 2403 549 2469 vinciarum
599 2425 753 2488 quae
799 2402 911 2467 sub
959 2405 1240 2488 Augusto
1289 2409 1529 2488 peracta
1576 2409 1686 2468 est.
1784 2403 1861 2468 In
1918 2402 2247 2488 provinciis
2294 2401 2461 2466 enim

211 2531 544 2596 Senatoriis
605 2531 1007 2616 Imperatores
1079 2531 1291 2596 eadem
1351 2536 1650 2617 potestate
1722 2553 1865 2596 usos
1940 2553 2069 2595 esse
2139 2535 2321 2615 atque
2392 2529 2460 2595 in

212 2661 289 2725 iis
363 2683 518 2746 quae
589 2659 707 2723 sibi
777 2660 931 2746 ipsis
995 2660 1320 2725 attributae
1369 2666 1567 2725 essent
1613 2682 1741 2725 non
1789 2681 2038 2739 oense03
2090 2659 2215 2723 imo
2233 2707 2252 2737 ,
2304 2658 2459 2722 duce

210 2809 414 2854 zmff'r
437 2789 510 2873 ¹),
545 2788 698 2852 mihi
729 2786 971 2853 videtur
1003 2789 1338 2873 Imperator
1368 2788 1437 2852 in
1470 2788 1597 2851 suis
1622 2788 1951 2874 provinciis
1982 2787 2186 2851 omnia
2210 2785 2459 2871 negotia

211 2913 748 2979 constitutionibus
813 2913 1166 2994 absolvisse,
1235 2915 1304 2978 in
1351 2916 1429 2979 iis
1478 2919 1683 2979 autem
1748 2937 1903 2999 quae
1952 2919 2151 2979 essent
2196 2914 2454 2978 Senatus

209 3041 546 3128 populique
591 3041 885 3121 Romani,
940 3040 1134 3126 qualis
1183 3047 1310 3105 erat
1357 3041 1607 3105 Baetica
1638 3041 1687 3126 2)
1712 3089 1733 3119 ,
1783 3040 1915 3105 sine
1962 3045 2207 3105 senatus
2258 3046 2319 3104 et
2353 3062 2457 3125 po·

207 3168 344 3255 puli
407 3168 759 3233 auctoritate
822 3168 984 3255 leges
1032 3167 1438 3253 praescribere
1486 3167 1772 3231 noluisse.
1825 3166 2163 3252 Imperator
2211 3171 2453 3244 tamen,

212 3296 443 3383 quippe
515 3296 623 3380 qui
697 3318 905 3361 omnes
953 3296 1212 3362 honores
1259 3302 1489 3361 teneret
1536 3295 1725 3360 libera
1770 3294 2083 3381 republica
2126 3295 2284 3359 inter
2324 3292 2457 3379 plu-

207 3446 302 3491 res
352 3424 735 3509 magistratus
785 3424 1039 3502 diviso5,
1087 3424 1248 3509 leges
1291 3424 1366 3488 ad
1399 3429 1676 3487 senatum
1724 3423 1875 3487 ferre
1941 3422 2176 3507 potuit,
2230 3422 2450 3499 etiam,

205 3554 305 3618 uti
366 3575 460 3617 res
521 3554 658 3639 ipsa
721 3552 932 3631 docet,
994 3552 1069 3617 de
1116 3553 1296 3617 rebus
1344 3554 1422 3617 ad
1470 3558 1714 3617 senatus
1762 3551 2101 3638 provincias
2148 3551 2456 3635 pertinen·-

202 3664 406 3757 tibus,
478 3701 632 3764 quae
701 3678 976 3744 solebant
1047 3703 1082 3743 a
1151 3681 1377 3745 Senatu
1451 3680 1647 3765 accipi
1720 3700 1860 3742 cum
1918 3677 2346 3742 acclamatione
2381 3676 2450 3761 3).

203 3808 380 3872 Haec
451 3826 693 3891 quoque
764 3806 918 3871 ratio
973 3812 1317 3872 nostrarum
1365 3806 1571 3892 legum
1618 3805 2003 3871 ferendarum
2050 3803 2236 3869 fuisse
2286 3803 2443 3868 vide·

348 4034 386 4096 ¹)
454 4036 587 4083 stud.
626 4034 758 4083 Rom.
793 4050 841 4098 p.
879 4034 1004 4095 304,
1043 4034 1160 4086 307.

343 4118 384 4181 2)
455 4117 563 4167 Vid.
599 4134 646 4182 p.
685 4120 778 4177 28,
814 4119 876 4168 29
915 4119 1040 4168 Dias·

343 4202 384 4265 ³)
456 4203 707 4252 Praemitti
741 4204 926 4252 solebat
959 4203 1134 4254 talibus
1169 4204 1496 4269 rogationibus
1533 4206 1592 4254 ad
1629 4205 2058 4254 commendandum
2094 4203 2246 4253 oratio
2271 4202 2449 4268 princi-

199 4290 301 4354 pis3
351 4290 528 4352 quanta
579 4288 853 4338 adulatione
899 4289 1086 4354 saepius
1133 4290 1220 4339 hae
1258 4290 1499 4339 orationes
1546 4306 1573 4338 a
1607 4289 1791 4339 Senatu
1825 4292 2047 4354 acceptae
2082 4288 2201 4347 sint,
2240 4288 2453 4353 probant

199 4389 322 4438 quae
356 4372 408 4421 in
443 4375 614 4423 senatu
647 4376 752 4424 acta
789 4378 900 4425 sunt
937 4391 1046 4425 cum
1081 4373 1338 4425 Theodosii
1371 4376 1591 4425 Junioris
1626 4376 1776 4425 codex
1810 4376 1879 4426 ibi
1912 4375 2195 4426 afferebatur
2231 4374 2329 4425 vid.
2354 4372 2450 4437 leg.

202 4462 230 4508 5
269 4475 346 4524 pr.
389 4458 499 4509 eod.
541 4458 710 4509 Theod.
