<?xml version="1.0" encoding="UTF-8"?>
<!DOCTYPE html PUBLIC "-//W3C//DTD XHTML 1.0 Transitional//EN"
    "http://www.w3.org/TR/xhtml1/DTD/xhtml1-transitional.dtd">
<html xmlns="http://www.w3.org/1999/xhtml" xml:lang="en" lang="en">
 <head>
  <title>
</title>
<meta http-equiv="Content-Type" content="text/html;charset=utf-8" />
  <meta name='ocr-system' content='tesseract 3.04.00' />
  <meta name='ocr-capabilities' content='ocr_page ocr_carea ocr_par ocr_line ocrx_word'/>
</head>
<body>
  <div class='ocr_page' id='page_1' title='image "./disquisitiodeae00swingoog_0098.png"; bbox 0 0 3027 5263; ppageno 0'>
   <div class='ocr_carea' id='block_1_1' title="bbox 1621 600 1705 661">
    <p class='ocr_par' dir='ltr' id='par_1_1' title="bbox 1621 600 1705 661">
     <span class='ocr_line' id='line_1_1' title="bbox 1621 600 1705 661; baseline -0.024 0"><span class='ocrx_word' id='word_1_1' title='bbox 1621 600 1705 661; x_wconf 80' lang='lat'><strong>82</strong></span> 
     </span>
    </p>
   </div>
   <div class='ocr_carea' id='block_1_2' title="bbox 530 789 2800 1643">
    <p class='ocr_par' dir='ltr' id='par_1_2' title="bbox 530 789 2800 1643">
     <span class='ocr_line' id='line_1_2' title="bbox 723 789 2800 883; baseline -0.004 -20"><span class='ocrx_word' id='word_1_2' title='bbox 723 798 801 863; x_wconf 92' lang='lat' dir='ltr'><strong>In</strong></span> <span class='ocrx_word' id='word_1_3' title='bbox 852 796 1072 883; x_wconf 79' lang='lat' dir='ltr'><strong>Capite</strong></span> <span class='ocrx_word' id='word_1_4' title='bbox 1119 795 1287 860; x_wconf 89' lang='lat' dir='ltr'><strong>enim</strong></span> <span class='ocrx_word' id='word_1_5' title='bbox 1333 792 1599 858; x_wconf 85' lang='lat' dir='ltr'><strong>secundo</strong></span> <span class='ocrx_word' id='word_1_6' title='bbox 1630 790 1781 877; x_wconf 87' lang='lat' dir='ltr'><strong>legis</strong></span> <span class='ocrx_word' id='word_1_7' title='bbox 1805 789 2018 856; x_wconf 85' lang='lat' dir='ltr'><strong>Aeliae</strong></span> <span class='ocrx_word' id='word_1_8' title='bbox 2042 789 2322 870; x_wconf 87' lang='lat' dir='ltr'><strong>Sentiae,</strong></span> <span class='ocrx_word' id='word_1_9' title='bbox 2349 812 2535 875; x_wconf 87' lang='lat' dir='ltr'><strong>qnam</strong></span> <span class='ocrx_word' id='word_1_10' title='bbox 2560 790 2800 877; x_wconf 81' lang='lat' dir='ltr'><strong>aliquot</strong></span> 
     </span>
     <span class='ocr_line' id='line_1_3' title="bbox 530 918 2797 1009; baseline -0.003 -19"><span class='ocrx_word' id='word_1_11' title='bbox 530 923 708 989; x_wconf 86' lang='lat' dir='ltr'><strong>annis</strong></span> <span class='ocrx_word' id='word_1_12' title='bbox 754 922 975 989; x_wconf 82' lang='lat' dir='ltr'><strong>abhinc</strong></span> <span class='ocrx_word' id='word_1_13' title='bbox 1023 921 1264 1009; x_wconf 85' lang='lat' dir='ltr'><strong>egregio</strong></span> <span class='ocrx_word' id='word_1_14' title='bbox 1313 919 1746 985; x_wconf 85' lang='lat' dir='ltr'><strong>commentario</strong></span> <span class='ocrx_word' id='word_1_15' title='bbox 1782 918 2069 982; x_wconf 85' lang='lat' dir='ltr'><strong>instruxit</strong></span> <span class='ocrx_word' id='word_1_16' title='bbox 2102 918 2287 982; x_wconf 78' lang='lat' dir='ltr'><strong>Cous,</strong></span> <span class='ocrx_word' id='word_1_17' title='bbox 2318 938 2501 983; x_wconf 71' lang='lat' dir='ltr'><strong>zoam</strong></span> <span class='ocrx_word' id='word_1_18' title='bbox 2540 919 2620 1003; x_wconf 90' lang='lat'><strong>¹),</strong></span> <span class='ocrx_word' id='word_1_19' title='bbox 2658 942 2797 983; x_wconf 87' lang='lat' dir='ltr'><strong>cau-</strong></span> 
     </span>
     <span class='ocr_line' id='line_1_4' title="bbox 536 1045 2799 1131; baseline -0.003 -16"><span class='ocrx_word' id='word_1_20' title='bbox 536 1058 676 1115; x_wconf 85' lang='lat' dir='ltr'><strong>tum</strong></span> <span class='ocrx_word' id='word_1_21' title='bbox 748 1057 875 1115; x_wconf 82' lang='lat' dir='ltr'><strong>erat</strong></span> <span class='ocrx_word' id='word_1_22' title='bbox 945 1050 1068 1115; x_wconf 89' lang='lat' dir='ltr'><strong>fere</strong></span> <span class='ocrx_word' id='word_1_23' title='bbox 1140 1048 1290 1113; x_wconf 90' lang='lat' dir='ltr'><strong>hoc:</strong></span> <span class='ocrx_word' id='word_1_24' title='bbox 1371 1046 1653 1126; x_wconf 85' lang='lat' dir='ltr'><strong>„Minori</strong></span> <span class='ocrx_word' id='word_1_25' title='bbox 1700 1045 1920 1131; x_wconf 84' lang='lat' dir='ltr'><strong>viginti</strong></span> <span class='ocrx_word' id='word_1_26' title='bbox 1971 1067 2271 1109; x_wconf 84' lang='lat' dir='ltr'><strong>annorum</strong></span> <span class='ocrx_word' id='word_1_27' title='bbox 2319 1067 2563 1109; x_wconf 87' lang='lat' dir='ltr'><strong>servum</strong></span> <span class='ocrx_word' id='word_1_28' title='bbox 2614 1046 2799 1110; x_wconf 88' lang='lat' dir='ltr'><strong>ancil-</strong></span> 
     </span>
     <span class='ocr_line' id='line_1_5' title="bbox 533 1172 2795 1262; baseline -0.002 -21"><span class='ocrx_word' id='word_1_29' title='bbox 533 1178 758 1257; x_wconf 89' lang='lat' dir='ltr'><strong>lamve,</strong></span> <span class='ocrx_word' id='word_1_30' title='bbox 810 1178 934 1243; x_wconf 89' lang='lat' dir='ltr'><strong>nisi</strong></span> <span class='ocrx_word' id='word_1_31' title='bbox 981 1199 1164 1242; x_wconf 87' lang='lat' dir='ltr'><strong>causa</strong></span> <span class='ocrx_word' id='word_1_32' title='bbox 1196 1174 1360 1262; x_wconf 87' lang='lat' dir='ltr'><strong>apud</strong></span> <span class='ocrx_word' id='word_1_33' title='bbox 1395 1173 1715 1238; x_wconf 87' lang='lat' dir='ltr'><strong>consilium</strong></span> <span class='ocrx_word' id='word_1_34' title='bbox 1766 1173 2129 1259; x_wconf 83' lang='lat' dir='ltr'><strong>approbata,</strong></span> <span class='ocrx_word' id='word_1_35' title='bbox 2160 1172 2431 1236; x_wconf 87' lang='lat' dir='ltr'><strong>vindicta</strong></span> <span class='ocrx_word' id='word_1_36' title='bbox 2462 1174 2795 1237; x_wconf 86' lang='lat' dir='ltr'><strong>manumit-</strong></span> 
     </span>
     <span class='ocr_line' id='line_1_6' title="bbox 533 1298 2796 1389; baseline -0.003 -19"><span class='ocrx_word' id='word_1_37' title='bbox 533 1312 659 1370; x_wconf 89' lang='lat' dir='ltr'><strong>tere</strong></span> <span class='ocrx_word' id='word_1_38' title='bbox 701 1305 804 1389; x_wconf 84' lang='lat' dir='ltr'><strong>jus</strong></span> <span class='ocrx_word' id='word_1_39' title='bbox 851 1326 931 1369; x_wconf 89' lang='lat' dir='ltr'><strong>ne</strong></span> <span class='ocrx_word' id='word_1_40' title='bbox 989 1302 1164 1368; x_wconf 89' lang='lat' dir='ltr'><strong>esto”</strong></span> <span class='ocrx_word' id='word_1_41' title='bbox 1194 1303 1271 1386; x_wconf 73' lang='grc'><strong>2).</strong></span> <span class='ocrx_word' id='word_1_42' title='bbox 1369 1300 1627 1365; x_wconf 83' lang='lat' dir='ltr'>Consilii</span> <span class='ocrx_word' id='word_1_43' title='bbox 1676 1298 1839 1363; x_wconf 84' lang='lat' dir='ltr'><strong>illius</strong></span> <span class='ocrx_word' id='word_1_44' title='bbox 1886 1300 2116 1363; x_wconf 87' lang='lat' dir='ltr'><strong>Romae</strong></span> <span class='ocrx_word' id='word_1_45' title='bbox 2166 1300 2230 1362; x_wconf 87' lang='lat' dir='ltr'><strong>in</strong></span> <span class='ocrx_word' id='word_1_46' title='bbox 2270 1298 2420 1363; x_wconf 86' lang='lat' dir='ltr'><strong>urbe</strong></span> <span class='ocrx_word' id='word_1_47' title='bbox 2468 1301 2796 1386; x_wconf 81' lang='lat' dir='ltr'>participes</span> 
     </span>
     <span class='ocr_line' id='line_1_7' title="bbox 535 1426 2795 1513; baseline -0.003 -15"><span class='ocrx_word' id='word_1_48' title='bbox 535 1439 711 1498; x_wconf 87' lang='lat' dir='ltr'><strong>erant</strong></span> <span class='ocrx_word' id='word_1_49' title='bbox 761 1436 798 1497; x_wconf 87' lang='lat'>5</span> <span class='ocrx_word' id='word_1_50' title='bbox 852 1437 1160 1496; x_wconf 80' lang='lat' dir='ltr'><strong>senatores</strong></span> <span class='ocrx_word' id='word_1_51' title='bbox 1211 1436 1272 1494; x_wconf 86' lang='lat' dir='ltr'><strong>et</strong></span> <span class='ocrx_word' id='word_1_52' title='bbox 1323 1432 1358 1493; x_wconf 89' lang='lat'>5</span> <span class='ocrx_word' id='word_1_53' title='bbox 1415 1428 1684 1513; x_wconf 84' lang='lat' dir='ltr'><strong>equites;</strong></span> <span class='ocrx_word' id='word_1_54' title='bbox 1739 1427 1803 1491; x_wconf 92' lang='lat' dir='ltr'><strong>in</strong></span> <span class='ocrx_word' id='word_1_55' title='bbox 1852 1426 2184 1512; x_wconf 90' lang='lat' dir='ltr'><strong>provinciis</strong></span> <span class='ocrx_word' id='word_1_56' title='bbox 2223 1430 2305 1489; x_wconf 80' lang='lat'><strong>20</strong></span> <span class='ocrx_word' id='word_1_57' title='bbox 2341 1434 2795 1513; x_wconf 77' lang='lat' dir='ltr'><strong>recuperatores</strong></span> 
     </span>
     <span class='ocr_line' id='line_1_8' title="bbox 539 1554 2797 1643; baseline -0.002 -18"><span class='ocrx_word' id='word_1_58' title='bbox 539 1561 701 1625; x_wconf 87' lang='lat' dir='ltr'><strong>cives</strong></span> <span class='ocrx_word' id='word_1_59' title='bbox 771 1559 1036 1624; x_wconf 87' lang='lat' dir='ltr'><strong>Romani</strong></span> <span class='ocrx_word' id='word_1_60' title='bbox 1073 1558 1146 1643; x_wconf 77' lang='lat'><strong>³).</strong></span> <span class='ocrx_word' id='word_1_61' title='bbox 1245 1556 1595 1621; x_wconf 87' lang='lat' dir='ltr'><strong>Ministerio</strong></span> <span class='ocrx_word' id='word_1_62' title='bbox 1668 1555 1853 1640; x_wconf 86' lang='lat' dir='ltr'><strong>hujus</strong></span> <span class='ocrx_word' id='word_1_63' title='bbox 1919 1554 2163 1619; x_wconf 91' lang='lat' dir='ltr'><strong>consilii</strong></span> <span class='ocrx_word' id='word_1_64' title='bbox 2226 1554 2597 1640; x_wconf 84' lang='lat' dir='ltr'><strong>fungebatur</strong></span> <span class='ocrx_word' id='word_1_65' title='bbox 2670 1555 2797 1620; x_wconf 82' lang='lat' dir='ltr'><strong>Sal-</strong></span> 
     </span>
    </p>
   </div>
   <div class='ocr_carea' id='block_1_3' title="bbox 533 1681 2794 1773">
    <p class='ocr_par' dir='ltr' id='par_1_3' title="bbox 533 1681 2794 1773">
     <span class='ocr_line' id='line_1_9' title="bbox 533 1681 2794 1773; baseline -0.002 -21"><span class='ocrx_word' id='word_1_66' title='bbox 533 1709 755 1773; x_wconf 81' lang='lat' dir='ltr'><strong>pensae</strong></span> <span class='ocrx_word' id='word_1_67' title='bbox 803 1686 953 1751; x_wconf 88' lang='lat' dir='ltr'><strong>ordo</strong></span> <span class='ocrx_word' id='word_1_68' title='bbox 1001 1684 1392 1770; x_wconf 87' lang='lat' dir='ltr'><strong>municipalis</strong></span> <span class='ocrx_word' id='word_1_69' title='bbox 1426 1684 1494 1767; x_wconf 79' lang='lat'><strong>4).</strong></span> <span class='ocrx_word' id='word_1_70' title='bbox 1600 1682 1775 1763; x_wconf 77' lang='lat' dir='ltr'><strong>Quae</strong></span> <span class='ocrx_word' id='word_1_71' title='bbox 1824 1690 2024 1747; x_wconf 88' lang='lat' dir='ltr'><strong>autem</strong></span> <span class='ocrx_word' id='word_1_72' title='bbox 2074 1681 2261 1746; x_wconf 86' lang='lat' dir='ltr'><strong>fuerit</strong></span> <span class='ocrx_word' id='word_1_73' title='bbox 2308 1704 2635 1747; x_wconf 89' lang='lat' dir='ltr'><strong>causarum</strong></span> <span class='ocrx_word' id='word_1_74' title='bbox 2685 1682 2794 1748; x_wconf 86' lang='lat' dir='ltr'><strong>illa</strong></span> 
     </span>
    </p>
   </div>
   <div class='ocr_carea' id='block_1_4' title="bbox 525 1893 2800 4588">
    <p class='ocr_par' dir='ltr' id='par_1_4' title="bbox 527 1893 2798 2640">
     <span class='ocr_line' id='line_1_10' title="bbox 527 1893 2797 1959; baseline -0 -13"><span class='ocrx_word' id='word_1_75' title='bbox 527 1900 692 1947; x_wconf 84' lang='lat' dir='ltr'><strong>menta</strong></span> <span class='ocrx_word' id='word_1_76' title='bbox 727 1896 829 1944; x_wconf 87' lang='lat' dir='ltr'><strong>eius</strong></span> <span class='ocrx_word' id='word_1_77' title='bbox 865 1899 1024 1944; x_wconf 87' lang='lat' dir='ltr'><strong>tamen</strong></span> <span class='ocrx_word' id='word_1_78' title='bbox 1071 1893 1190 1943; x_wconf 79' lang='lat' dir='ltr'><strong>mihi</strong></span> <span class='ocrx_word' id='word_1_79' title='bbox 1238 1910 1334 1943; x_wconf 90' lang='lat' dir='ltr'><strong>non</strong></span> <span class='ocrx_word' id='word_1_80' title='bbox 1381 1896 1743 1959; x_wconf 79' lang='lat' dir='ltr'><strong>persuaserunt3</strong></span> <span class='ocrx_word' id='word_1_81' title='bbox 1787 1894 1907 1943; x_wconf 82' lang='lat' dir='ltr'><strong>dicit</strong></span> <span class='ocrx_word' id='word_1_82' title='bbox 1942 1893 2135 1957; x_wconf 89' lang='lat' dir='ltr'><strong>quidem</strong></span> <span class='ocrx_word' id='word_1_83' title='bbox 2169 1897 2366 1943; x_wconf 81' lang='lat' dir='ltr'><strong>auctor:</strong></span> <span class='ocrx_word' id='word_1_84' title='bbox 2440 1896 2593 1953; x_wconf 85' lang='lat' dir='ltr'><strong>„Man</strong></span> <span class='ocrx_word' id='word_1_85' title='bbox 2629 1896 2797 1946; x_wconf 82' lang='lat' dir='ltr'><strong>wiirde</strong></span> 
     </span>
     <span class='ocr_line' id='line_1_11' title="bbox 528 1978 2795 2043; baseline -0 -13"><span class='ocrx_word' id='word_1_86' title='bbox 528 1985 666 2030; x_wconf 83' lang='lat' dir='ltr'><strong>sonst</strong></span> <span class='ocrx_word' id='word_1_87' title='bbox 702 1980 836 2028; x_wconf 89' lang='lat' dir='ltr'><strong>nicht</strong></span> <span class='ocrx_word' id='word_1_88' title='bbox 890 1978 1128 2043; x_wconf 82' lang='lat' dir='ltr'><strong>begreifen</strong></span> <span class='ocrx_word' id='word_1_89' title='bbox 1165 1978 1273 2026; x_wconf 85' lang='lat' dir='ltr'><strong>dasz</strong></span> <span class='ocrx_word' id='word_1_90' title='bbox 1311 1978 1418 2026; x_wconf 84' lang='lat' dir='ltr'><strong>dem</strong></span> <span class='ocrx_word' id='word_1_91' title='bbox 1454 1978 1786 2027; x_wconf 85' lang='lat' dir='ltr'><strong>Nachbildner</strong></span> <span class='ocrx_word' id='word_1_92' title='bbox 1822 1978 1977 2027; x_wconf 87' lang='lat' dir='ltr'><strong>dieses</strong></span> <span class='ocrx_word' id='word_1_93' title='bbox 2014 1979 2235 2026; x_wconf 86' lang='lat' dir='ltr'><strong>Gesetzes</strong></span> <span class='ocrx_word' id='word_1_94' title='bbox 2274 1978 2349 2026; x_wconf 86' lang='lat' dir='ltr'><strong>die</strong></span> <span class='ocrx_word' id='word_1_95' title='bbox 2386 1979 2540 2027; x_wconf 81' lang='lat' dir='ltr'><strong>durch</strong></span> <span class='ocrx_word' id='word_1_96' title='bbox 2576 1980 2795 2029; x_wconf 77' lang='lat' dir='ltr'><strong>desselbc</strong></span> 
     </span>
     <span class='ocr_line' id='line_1_12' title="bbox 527 2062 2796 2129; baseline 0 -16"><span class='ocrx_word' id='word_1_97' title='bbox 527 2064 650 2114; x_wconf 87' lang='lat' dir='ltr'><strong>auch</strong></span> <span class='ocrx_word' id='word_1_98' title='bbox 685 2065 763 2113; x_wconf 83' lang='lat' dir='ltr'><strong>fiir</strong></span> <span class='ocrx_word' id='word_1_99' title='bbox 799 2064 891 2112; x_wconf 87' lang='lat' dir='ltr'><strong>den</strong></span> <span class='ocrx_word' id='word_1_100' title='bbox 927 2063 1338 2111; x_wconf 83' lang='lat' dir='ltr'><strong>manumittendus</strong></span> <span class='ocrx_word' id='word_1_101' title='bbox 1375 2068 1519 2111; x_wconf 89' lang='lat' dir='ltr'><strong>unter</strong></span> <span class='ocrx_word' id='word_1_102' title='bbox 1555 2063 1759 2125; x_wconf 87' lang='lat' dir='ltr'><strong>dreiszig</strong></span> <span class='ocrx_word' id='word_1_103' title='bbox 1794 2062 1977 2110; x_wconf 81' lang='lat' dir='ltr'><strong>Jahren</strong></span> <span class='ocrx_word' id='word_1_104' title='bbox 2014 2063 2441 2127; x_wconf 85' lang='lat' dir='ltr'><strong>vorgeschriebene</strong></span> <span class='ocrx_word' id='word_1_105' title='bbox 2478 2080 2649 2113; x_wconf 86' lang='lat' dir='ltr'><strong>causac</strong></span> <span class='ocrx_word' id='word_1_106' title='bbox 2678 2082 2796 2129; x_wconf 82' lang='lat' dir='ltr'><strong>pro-</strong></span> 
     </span>
     <span class='ocr_line' id='line_1_13' title="bbox 531 2146 2796 2213; baseline 0 -15"><span class='ocrx_word' id='word_1_107' title='bbox 531 2149 663 2199; x_wconf 87' lang='lat' dir='ltr'><strong>batio</strong></span> <span class='ocrx_word' id='word_1_108' title='bbox 699 2150 829 2199; x_wconf 80' lang='lat' dir='ltr'><strong>hiitte</strong></span> <span class='ocrx_word' id='word_1_109' title='bbox 867 2149 1074 2213; x_wconf 87' lang='lat' dir='ltr'><strong>entgehn</strong></span> <span class='ocrx_word' id='word_1_110' title='bbox 1112 2146 1362 2203; x_wconf 48' lang='lat' dir='ltr'><strong>konnen?</strong></span> <span class='ocrx_word' id='word_1_111' title='bbox 1402 2149 1563 2210; x_wconf 82' lang='lat' dir='ltr'><strong>gravis</strong></span> <span class='ocrx_word' id='word_1_112' title='bbox 1600 2152 1760 2195; x_wconf 85' lang='lat' dir='ltr'><strong>tamen</strong></span> <span class='ocrx_word' id='word_1_113' title='bbox 1799 2163 1895 2194; x_wconf 86' lang='lat' dir='ltr'><strong>non</strong></span> <span class='ocrx_word' id='word_1_114' title='bbox 1933 2148 2127 2195; x_wconf 86' lang='lat' dir='ltr'><strong>videtur</strong></span> <span class='ocrx_word' id='word_1_115' title='bbox 2145 2147 2262 2195; x_wconf 86' lang='lat' dir='ltr'><strong>haec</strong></span> <span class='ocrx_word' id='word_1_116' title='bbox 2288 2148 2521 2212; x_wconf 86' lang='lat' dir='ltr'><strong>objectio;</strong></span> <span class='ocrx_word' id='word_1_117' title='bbox 2562 2165 2671 2197; x_wconf 89' lang='lat' dir='ltr'><strong>nam</strong></span> <span class='ocrx_word' id='word_1_118' title='bbox 2696 2150 2796 2199; x_wconf 87' lang='lat' dir='ltr'><strong>alio</strong></span> 
     </span>
     <span class='ocr_line' id='line_1_14' title="bbox 529 2232 2794 2299; baseline 0 -16"><span class='ocrx_word' id='word_1_119' title='bbox 529 2236 733 2284; x_wconf 87' lang='lat' dir='ltr'><strong>fortasse</strong></span> <span class='ocrx_word' id='word_1_120' title='bbox 769 2234 938 2297; x_wconf 85' lang='lat' dir='ltr'><strong>Capite</strong></span> <span class='ocrx_word' id='word_1_121' title='bbox 975 2234 1092 2297; x_wconf 85' lang='lat' dir='ltr'><strong>legis</strong></span> <span class='ocrx_word' id='word_1_122' title='bbox 1126 2238 1434 2298; x_wconf 87' lang='lat' dir='ltr'><strong>praeceptum</strong></span> <span class='ocrx_word' id='word_1_123' title='bbox 1475 2232 1595 2280; x_wconf 87' lang='lat' dir='ltr'><strong>il1ud</strong></span> <span class='ocrx_word' id='word_1_124' title='bbox 1634 2232 2002 2290; x_wconf 75' lang='lat' dir='ltr'><strong>continebatur-3</strong></span> <span class='ocrx_word' id='word_1_125' title='bbox 2039 2238 2278 2281; x_wconf 84' lang='lat' dir='ltr'><strong>caeterum</strong></span> <span class='ocrx_word' id='word_1_126' title='bbox 2305 2234 2365 2280; x_wconf 90' lang='lat' dir='ltr'><strong>ab</strong></span> <span class='ocrx_word' id='word_1_127' title='bbox 2403 2233 2493 2281; x_wconf 83' lang='lat' dir='ltr'><strong>hoc</strong></span> <span class='ocrx_word' id='word_1_128' title='bbox 2518 2234 2625 2282; x_wconf 92' lang='lat' dir='ltr'><strong>loco</strong></span> <span class='ocrx_word' id='word_1_129' title='bbox 2646 2235 2794 2299; x_wconf 86' lang='lat' dir='ltr'><strong>(Cap.</strong></span> 
     </span>
     <span class='ocr_line' id='line_1_15' title="bbox 530 2317 2798 2384; baseline -0 -15"><span class='ocrx_word' id='word_1_130' title='bbox 530 2321 614 2382; x_wconf 82' lang='lat'><strong>28)</strong></span> <span class='ocrx_word' id='word_1_131' title='bbox 651 2336 848 2384; x_wconf 87' lang='lat' dir='ltr'><strong>prorsus</strong></span> <span class='ocrx_word' id='word_1_132' title='bbox 883 2319 1037 2367; x_wconf 81' lang='lat' dir='ltr'><strong>aliena</strong></span> <span class='ocrx_word' id='word_1_133' title='bbox 1073 2320 1242 2366; x_wconf 80' lang='lat' dir='ltr'><strong>suisset</strong></span> <span class='ocrx_word' id='word_1_134' title='bbox 1280 2317 1394 2365; x_wconf 86' lang='lat' dir='ltr'><strong>haec</strong></span> <span class='ocrx_word' id='word_1_135' title='bbox 1432 2318 1615 2364; x_wconf 88' lang='lat' dir='ltr'><strong>sanctio</strong></span> <span class='ocrx_word' id='word_1_136' title='bbox 1652 2332 1759 2365; x_wconf 86' lang='lat' dir='ltr'><strong>cum</strong></span> <span class='ocrx_word' id='word_1_137' title='bbox 1798 2317 1875 2365; x_wconf 91' lang='lat' dir='ltr'><strong>hic</strong></span> <span class='ocrx_word' id='word_1_138' title='bbox 1912 2317 1969 2365; x_wconf 82' lang='lat' dir='ltr'><strong>de</strong></span> <span class='ocrx_word' id='word_1_139' title='bbox 2004 2317 2061 2365; x_wconf 89' lang='lat' dir='ltr'><strong>iis</strong></span> <span class='ocrx_word' id='word_1_140' title='bbox 2099 2320 2285 2365; x_wconf 86' lang='lat' dir='ltr'><strong>tantum</strong></span> <span class='ocrx_word' id='word_1_141' title='bbox 2323 2334 2443 2381; x_wconf 87' lang='lat' dir='ltr'><strong>quae</strong></span> <span class='ocrx_word' id='word_1_142' title='bbox 2480 2319 2798 2382; x_wconf 85' lang='lat' dir='ltr'><strong>requiruntur</strong></span> 
     </span>
     <span class='ocr_line' id='line_1_16' title="bbox 531 2404 2791 2471; baseline -0.001 -14"><span class='ocrx_word' id='word_1_143' title='bbox 531 2409 580 2457; x_wconf 86' lang='lat' dir='ltr'><strong>in</strong></span> <span class='ocrx_word' id='word_1_144' title='bbox 617 2408 833 2471; x_wconf 88' lang='lat' dir='ltr'><strong>personis</strong></span> <span class='ocrx_word' id='word_1_145' title='bbox 868 2407 1291 2454; x_wconf 79' lang='lat' dir='ltr'><strong>manumittentium</strong></span> <span class='ocrx_word' id='word_1_146' title='bbox 1328 2420 1483 2451; x_wconf 90' lang='lat' dir='ltr'><strong>sermo</strong></span> <span class='ocrx_word' id='word_1_147' title='bbox 1522 2405 1601 2452; x_wconf 85' lang='lat' dir='ltr'><strong>sit.</strong></span> <span class='ocrx_word' id='word_1_148' title='bbox 1672 2404 1923 2452; x_wconf 87' lang='lat' dir='ltr'><strong>Praeterea</strong></span> <span class='ocrx_word' id='word_1_149' title='bbox 1960 2405 2140 2452; x_wconf 79' lang='lat' dir='ltr'><strong>nuliam</strong></span> <span class='ocrx_word' id='word_1_150' title='bbox 2179 2420 2371 2454; x_wconf 86' lang='lat' dir='ltr'><strong>causam</strong></span> <span class='ocrx_word' id='word_1_151' title='bbox 2407 2407 2599 2454; x_wconf 86' lang='lat' dir='ltr'><strong>invenio</strong></span> <span class='ocrx_word' id='word_1_152' title='bbox 2636 2422 2791 2471; x_wconf 90' lang='lat' dir='ltr'><strong>prop-</strong></span> 
     </span>
     <span class='ocr_line' id='line_1_17' title="bbox 533 2488 2796 2555; baseline 0 -15"><span class='ocrx_word' id='word_1_153' title='bbox 533 2495 606 2540; x_wconf 84' lang='lat' dir='ltr'><strong>ter</strong></span> <span class='ocrx_word' id='word_1_154' title='bbox 646 2506 788 2554; x_wconf 86' lang='lat' dir='ltr'><strong>quam</strong></span> <span class='ocrx_word' id='word_1_155' title='bbox 823 2495 965 2555; x_wconf 87' lang='lat' dir='ltr'><strong>caput</strong></span> <span class='ocrx_word' id='word_1_156' title='bbox 999 2490 1119 2538; x_wconf 87' lang='lat' dir='ltr'><strong>illud</strong></span> <span class='ocrx_word' id='word_1_157' title='bbox 1156 2489 1416 2538; x_wconf 87' lang='lat' dir='ltr'><strong>secundum</strong></span> <span class='ocrx_word' id='word_1_158' title='bbox 1441 2504 1629 2552; x_wconf 88' lang='lat' dir='ltr'><strong>quoque</strong></span> <span class='ocrx_word' id='word_1_159' title='bbox 1666 2488 1783 2554; x_wconf 89' lang='lat' dir='ltr'><strong>legis</strong></span> <span class='ocrx_word' id='word_1_160' title='bbox 1820 2488 1987 2538; x_wconf 88' lang='lat' dir='ltr'><strong>Aeliae</strong></span> <span class='ocrx_word' id='word_1_161' title='bbox 2032 2489 2221 2538; x_wconf 76' lang='lat' dir='ltr'><strong>Sentias</strong></span> <span class='ocrx_word' id='word_1_162' title='bbox 2256 2490 2413 2553; x_wconf 87' lang='lat' dir='ltr'><strong>legem</strong></span> <span class='ocrx_word' id='word_1_163' title='bbox 2447 2490 2796 2555; x_wconf 81' lang='lat' dir='ltr'><strong>Salpensanam</strong></span> 
     </span>
     <span class='ocr_line' id='line_1_18' title="bbox 532 2574 1122 2640; baseline 0.002 -17"><span class='ocrx_word' id='word_1_164' title='bbox 532 2575 780 2624; x_wconf 83' lang='lat' dir='ltr'><strong>continere</strong></span> <span class='ocrx_word' id='word_1_165' title='bbox 816 2574 1122 2640; x_wconf 82' lang='lat' dir='ltr'><strong>oportuisset.</strong></span> 
     </span>
    </p>

    <p class='ocr_par' dir='ltr' id='par_1_5' title="bbox 537 2659 2799 2810">
     <span class='ocr_line' id='line_1_19' title="bbox 678 2659 2799 2723; baseline 0 -12"><span class='ocrx_word' id='word_1_166' title='bbox 678 2662 716 2722; x_wconf 89' lang='lat'><strong>¹)</strong></span> <span class='ocrx_word' id='word_1_167' title='bbox 785 2661 844 2711; x_wconf 88' lang='lat' dir='ltr'><strong>In</strong></span> <span class='ocrx_word' id='word_1_168' title='bbox 881 2660 1232 2711; x_wconf 72' lang='lat' dir='ltr'><strong>Dissertatione</strong></span> <span class='ocrx_word' id='word_1_169' title='bbox 1263 2659 1424 2708; x_wconf 79' lang='lat' dir='ltr'><strong>Jurid.</strong></span> <span class='ocrx_word' id='word_1_170' title='bbox 1460 2661 1635 2722; x_wconf 83' lang='lat' dir='ltr'><strong>Inauq.</strong></span> <span class='ocrx_word' id='word_1_171' title='bbox 1672 2659 1894 2723; x_wconf 83' lang='lat' dir='ltr'>Lugduni</span> <span class='ocrx_word' id='word_1_172' title='bbox 1930 2661 2230 2709; x_wconf 81' lang='lat' dir='ltr'><strong>Batavorum</strong></span> <span class='ocrx_word' id='word_1_173' title='bbox 2265 2676 2391 2710; x_wconf 90' lang='lat' dir='ltr'><strong>anno</strong></span> <span class='ocrx_word' id='word_1_174' title='bbox 2418 2661 2547 2710; x_wconf 81' lang='lat'>1851</span> <span class='ocrx_word' id='word_1_175' title='bbox 2576 2661 2799 2712; x_wconf 80' lang='lat' dir='ltr'><strong>defensa.</strong></span> 
     </span>
     <span class='ocr_line' id='line_1_20' title="bbox 537 2743 1759 2810; baseline -0.001 -15"><span class='ocrx_word' id='word_1_176' title='bbox 537 2747 608 2795; x_wconf 83' lang='lat' dir='ltr'><strong>De</strong></span> <span class='ocrx_word' id='word_1_177' title='bbox 645 2746 816 2810; x_wconf 83' lang='lat' dir='ltr'><strong>Capite</strong></span> <span class='ocrx_word' id='word_1_178' title='bbox 851 2745 1060 2793; x_wconf 86' lang='lat' dir='ltr'><strong>secundo</strong></span> <span class='ocrx_word' id='word_1_179' title='bbox 1099 2745 1163 2792; x_wconf 89' lang='lat' dir='ltr'><strong>ibi</strong></span> <span class='ocrx_word' id='word_1_180' title='bbox 1200 2744 1415 2808; x_wconf 84' lang='lat' dir='ltr'><strong>disputat</strong></span> <span class='ocrx_word' id='word_1_181' title='bbox 1451 2762 1498 2810; x_wconf 91' lang='lat' dir='ltr'><strong>p.</strong></span> <span class='ocrx_word' id='word_1_182' title='bbox 1539 2743 1759 2795; x_wconf 81' lang='lat'><strong>70—74.</strong></span> 
     </span>
    </p>

    <p class='ocr_par' dir='ltr' id='par_1_6' title="bbox 672 2828 2657 2893">
     <span class='ocr_line' id='line_1_21' title="bbox 672 2828 2657 2893; baseline 0.002 -17"><span class='ocrx_word' id='word_1_183' title='bbox 672 2829 714 2886; x_wconf 76' lang='grc'><strong>2)</strong></span> <span class='ocrx_word' id='word_1_184' title='bbox 781 2828 858 2876; x_wconf 85' lang='lat' dir='ltr'><strong>Ita</strong></span> <span class='ocrx_word' id='word_1_185' title='bbox 895 2841 1043 2877; x_wconf 80' lang='lat' dir='ltr'><strong>zunm</strong></span> <span class='ocrx_word' id='word_1_186' title='bbox 1080 2832 1262 2876; x_wconf 80' lang='lat' dir='ltr'><strong>textum</strong></span> <span class='ocrx_word' id='word_1_187' title='bbox 1298 2828 1420 2892; x_wconf 85' lang='lat' dir='ltr'><strong>legis</strong></span> <span class='ocrx_word' id='word_1_188' title='bbox 1457 2829 1637 2876; x_wconf 84' lang='lat' dir='ltr'><strong>collato</strong></span> <span class='ocrx_word' id='word_1_189' title='bbox 1674 2841 1796 2876; x_wconf 72' lang='lat' dir='ltr'><strong>ono</strong></span> <span class='ocrx_word' id='word_1_190' title='bbox 1832 2828 1882 2887; x_wconf 89' lang='grc' dir='ltr'><strong>Ι,</strong></span> <span class='ocrx_word' id='word_1_191' title='bbox 1922 2831 1943 2890; x_wconf 84' lang='lat'>§</span> <span class='ocrx_word' id='word_1_192' title='bbox 1982 2829 2045 2878; x_wconf 84' lang='lat'><strong>38</strong></span> <span class='ocrx_word' id='word_1_193' title='bbox 2085 2829 2397 2893; x_wconf 84' lang='lat' dir='ltr'><strong>probabiliter</strong></span> <span class='ocrx_word' id='word_1_194' title='bbox 2430 2830 2657 2880; x_wconf 86' lang='lat' dir='ltr'><strong>restituit.</strong></span> 
     </span>
    </p>

    <p class='ocr_par' dir='ltr' id='par_1_7' title="bbox 671 2913 1893 2975">
     <span class='ocr_line' id='line_1_22' title="bbox 671 2913 1893 2975; baseline 0.002 -15"><span class='ocrx_word' id='word_1_195' title='bbox 671 2913 710 2975; x_wconf 83' lang='lat'><strong>³)</strong></span> <span class='ocrx_word' id='word_1_196' title='bbox 782 2913 900 2961; x_wconf 83' lang='lat' dir='ltr'><strong>Vide</strong></span> <span class='ocrx_word' id='word_1_197' title='bbox 937 2927 1101 2962; x_wconf 72' lang='lat' dir='ltr'><strong>onim</strong></span> <span class='ocrx_word' id='word_1_198' title='bbox 1137 2913 1188 2972; x_wconf 90' lang='lat'><strong>1,</strong></span> <span class='ocrx_word' id='word_1_199' title='bbox 1227 2915 1248 2974; x_wconf 84' lang='lat'>§</span> <span class='ocrx_word' id='word_1_200' title='bbox 1288 2914 1370 2964; x_wconf 82' lang='lat'><strong>20.</strong></span> <span class='ocrx_word' id='word_1_201' title='bbox 1406 2913 1626 2962; x_wconf 63' lang='lat' dir='ltr'><strong>Utrum.</strong></span> <span class='ocrx_word' id='word_1_202' title='bbox 1664 2913 1715 2971; x_wconf 87' lang='lat'><strong>1,</strong></span> <span class='ocrx_word' id='word_1_203' title='bbox 1753 2917 1775 2975; x_wconf 87' lang='lat'>§</span> <span class='ocrx_word' id='word_1_204' title='bbox 1814 2915 1893 2962; x_wconf 83' lang='grc'><strong>13.</strong></span> 
     </span>
    </p>

    <p class='ocr_par' dir='ltr' id='par_1_8' title="bbox 525 2996 2800 4077">
     <span class='ocr_line' id='line_1_23' title="bbox 668 2996 2797 3064; baseline 0.002 -17"><span class='ocrx_word' id='word_1_205' title='bbox 668 2996 710 3061; x_wconf 70' lang='grc'><strong>4)</strong></span> <span class='ocrx_word' id='word_1_206' title='bbox 779 2999 1087 3048; x_wconf 50' lang='lat' dir='ltr'><strong>Laeonum:</strong></span> <span class='ocrx_word' id='word_1_207' title='bbox 1153 2999 1246 3047; x_wconf 91' lang='lat' dir='ltr'><strong>hoc</strong></span> <span class='ocrx_word' id='word_1_208' title='bbox 1300 2999 1418 3062; x_wconf 84' lang='lat' dir='ltr'><strong>legis</strong></span> <span class='ocrx_word' id='word_1_209' title='bbox 1476 2999 1707 3063; x_wconf 82' lang='lat' dir='ltr'><strong>placitum</strong></span> <span class='ocrx_word' id='word_1_210' title='bbox 1776 3014 2062 3064; x_wconf 83' lang='lat' dir='ltr'><strong>magnopere</strong></span> <span class='ocrx_word' id='word_1_211' title='bbox 2128 2999 2328 3048; x_wconf 86' lang='lat' dir='ltr'><strong>miratus</strong></span> <span class='ocrx_word' id='word_1_212' title='bbox 2380 3003 2479 3058; x_wconf 81' lang='lat' dir='ltr'><strong>est3</strong></span> <span class='ocrx_word' id='word_1_213' title='bbox 2534 3005 2797 3064; x_wconf 84' lang='lat' dir='ltr'><strong>postquam</strong></span> 
     </span>
     <span class='ocr_line' id='line_1_24' title="bbox 529 3083 2792 3150; baseline 0.001 -17"><span class='ocrx_word' id='word_1_214' title='bbox 529 3099 682 3150; x_wconf 81' lang='lat' dir='ltr'><strong>pauca</strong></span> <span class='ocrx_word' id='word_1_215' title='bbox 719 3084 776 3132; x_wconf 83' lang='lat' dir='ltr'><strong>de</strong></span> <span class='ocrx_word' id='word_1_216' title='bbox 812 3083 1011 3132; x_wconf 89' lang='lat' dir='ltr'><strong>consilio</strong></span> <span class='ocrx_word' id='word_1_217' title='bbox 1051 3083 1167 3146; x_wconf 87' lang='lat' dir='ltr'><strong>legis</strong></span> <span class='ocrx_word' id='word_1_218' title='bbox 1203 3083 1367 3132; x_wconf 83' lang='lat' dir='ltr'><strong>Aeliae</strong></span> <span class='ocrx_word' id='word_1_219' title='bbox 1402 3084 1593 3132; x_wconf 83' lang='lat' dir='ltr'><strong>Sentias</strong></span> <span class='ocrx_word' id='word_1_220' title='bbox 1630 3083 1817 3131; x_wconf 89' lang='lat' dir='ltr'><strong>locutus</strong></span> <span class='ocrx_word' id='word_1_221' title='bbox 1842 3089 1940 3140; x_wconf 89' lang='lat' dir='ltr'><strong>est,</strong></span> <span class='ocrx_word' id='word_1_222' title='bbox 1984 3084 2143 3132; x_wconf 75' lang='lat' dir='ltr'><strong>additz</strong></span> <span class='ocrx_word' id='word_1_223' title='bbox 2179 3085 2228 3131; x_wconf 91' lang='lat' dir='ltr'><strong>in</strong></span> <span class='ocrx_word' id='word_1_224' title='bbox 2256 3085 2433 3148; x_wconf 82' lang='lat' dir='ltr'><strong>Opere:</strong></span> <span class='ocrx_word' id='word_1_225' title='bbox 2473 3085 2565 3132; x_wconf 73' lang='lat' dir='ltr'><strong>Les</strong></span> <span class='ocrx_word' id='word_1_226' title='bbox 2594 3085 2792 3144; x_wconf 75' lang='lat' dir='ltr'><strong>Tables,</strong></span> 
     </span>
     <span class='ocr_line' id='line_1_25' title="bbox 530 3167 2796 3234; baseline 0.002 -18"><span class='ocrx_word' id='word_1_227' title='bbox 530 3184 579 3232; x_wconf 90' lang='lat' dir='ltr'><strong>p.</strong></span> <span class='ocrx_word' id='word_1_228' title='bbox 617 3168 682 3216; x_wconf 82' lang='lat'><strong>24</strong></span> <span class='ocrx_word' id='word_1_229' title='bbox 719 3172 803 3216; x_wconf 93' lang='lat' dir='ltr'><strong>not</strong></span> <span class='ocrx_word' id='word_1_230' title='bbox 846 3168 940 3216; x_wconf 68' lang='lat'><strong>362</strong></span> <span class='ocrx_word' id='word_1_231' title='bbox 995 3169 1160 3225; x_wconf 81' lang='lat' dir='ltr'><strong>„Mais</strong></span> <span class='ocrx_word' id='word_1_232' title='bbox 1195 3168 1418 3230; x_wconf 85' lang='lat' dir='ltr'><strong>toujours</strong></span> <span class='ocrx_word' id='word_1_233' title='bbox 1455 3184 1512 3215; x_wconf 88' lang='lat' dir='ltr'><strong>en</strong></span> <span class='ocrx_word' id='word_1_234' title='bbox 1553 3173 1690 3215; x_wconf 86' lang='lat' dir='ltr'><strong>vertu</strong></span> <span class='ocrx_word' id='word_1_235' title='bbox 1726 3169 1789 3216; x_wconf 87' lang='lat' dir='ltr'><strong>du</strong></span> <span class='ocrx_word' id='word_1_236' title='bbox 1826 3167 2071 3216; x_wconf 70' lang='lat' dir='ltr'><strong>caractere</strong></span> <span class='ocrx_word' id='word_1_237' title='bbox 2106 3169 2275 3216; x_wconf 89' lang='lat' dir='ltr'><strong>absolu</strong></span> <span class='ocrx_word' id='word_1_238' title='bbox 2310 3169 2393 3216; x_wconf 87' lang='lat' dir='ltr'><strong>des</strong></span> <span class='ocrx_word' id='word_1_239' title='bbox 2428 3170 2796 3234; x_wconf 83' lang='lat' dir='ltr'><strong>magistratures</strong></span> 
     </span>
     <span class='ocr_line' id='line_1_26' title="bbox 531 3250 2795 3316; baseline 0.001 -15"><span class='ocrx_word' id='word_1_240' title='bbox 531 3251 802 3309; x_wconf 85' lang='lat' dir='ltr'><strong>romaines,</strong></span> <span class='ocrx_word' id='word_1_241' title='bbox 839 3250 1002 3300; x_wconf 70' lang='lat' dir='ltr'><strong>c’etait</strong></span> <span class='ocrx_word' id='word_1_242' title='bbox 1043 3251 1086 3299; x_wconf 88' lang='lat' dir='ltr'><strong>le</strong></span> <span class='ocrx_word' id='word_1_243' title='bbox 1121 3253 1376 3316; x_wconf 85' lang='lat' dir='ltr'><strong>proconsul</strong></span> <span class='ocrx_word' id='word_1_244' title='bbox 1416 3268 1478 3301; x_wconf 90' lang='lat' dir='ltr'><strong>ou</strong></span> <span class='ocrx_word' id='word_1_245' title='bbox 1518 3252 1560 3300; x_wconf 88' lang='lat' dir='ltr'><strong>le</strong></span> <span class='ocrx_word' id='word_1_246' title='bbox 1597 3251 1793 3316; x_wconf 68' lang='lat' dir='ltr'><strong>preteur</strong></span> <span class='ocrx_word' id='word_1_247' title='bbox 1829 3253 1910 3316; x_wconf 88' lang='lat' dir='ltr'><strong>qui</strong></span> <span class='ocrx_word' id='word_1_248' title='bbox 1948 3253 2143 3301; x_wconf 84' lang='lat' dir='ltr'><strong>formait</strong></span> <span class='ocrx_word' id='word_1_249' title='bbox 2176 3253 2221 3301; x_wconf 88' lang='lat' dir='ltr'><strong>le</strong></span> <span class='ocrx_word' id='word_1_250' title='bbox 2256 3253 2527 3302; x_wconf 88' lang='lat' dir='ltr'><strong>consilium.</strong></span> <span class='ocrx_word' id='word_1_251' title='bbox 2589 3255 2684 3312; x_wconf 75' lang='lat'><em>101,</em></span> <span class='ocrx_word' id='word_1_252' title='bbox 2730 3272 2795 3304; x_wconf 87' lang='lat' dir='ltr'><strong>au</strong></span> 
     </span>
     <span class='ocr_line' id='line_1_27' title="bbox 529 3335 2800 3403; baseline 0.001 -17"><span class='ocrx_word' id='word_1_253' title='bbox 529 3335 801 3393; x_wconf 85' lang='lat' dir='ltr'><strong>contraire,</strong></span> <span class='ocrx_word' id='word_1_254' title='bbox 839 3351 1022 3383; x_wconf 90' lang='lat' dir='ltr'><strong>comme</strong></span> <span class='ocrx_word' id='word_1_255' title='bbox 1061 3336 1178 3384; x_wconf 85' lang='lat' dir='ltr'><strong>dans</strong></span> <span class='ocrx_word' id='word_1_256' title='bbox 1215 3336 1296 3384; x_wconf 88' lang='lat' dir='ltr'><strong>des</strong></span> <span class='ocrx_word' id='word_1_257' title='bbox 1335 3335 1630 3398; x_wconf 69' lang='lat' dir='ltr'><strong>legislations</strong></span> <span class='ocrx_word' id='word_1_258' title='bbox 1666 3338 1939 3397; x_wconf 78' lang='lat' dir='ltr'><strong>moder-nes,</strong></span> <span class='ocrx_word' id='word_1_259' title='bbox 1980 3337 2095 3386; x_wconf 89' lang='lat' dir='ltr'><strong>c’est</strong></span> <span class='ocrx_word' id='word_1_260' title='bbox 2131 3354 2194 3386; x_wconf 87' lang='lat' dir='ltr'><strong>un</strong></span> <span class='ocrx_word' id='word_1_261' title='bbox 2234 3339 2437 3401; x_wconf 86' lang='lat' dir='ltr'><strong>pouvoir</strong></span> <span class='ocrx_word' id='word_1_262' title='bbox 2464 3337 2800 3403; x_wconf 69' lang='lat' dir='ltr'><strong>independant</strong></span> 
     </span>
     <span class='ocr_line' id='line_1_28' title="bbox 532 3418 2799 3488; baseline 0.003 -19"><span class='ocrx_word' id='word_1_263' title='bbox 532 3421 598 3469; x_wconf 83' lang='lat' dir='ltr'><strong>du</strong></span> <span class='ocrx_word' id='word_1_264' title='bbox 635 3420 910 3482; x_wconf 82' lang='lat' dir='ltr'><strong>magistrat,</strong></span> <span class='ocrx_word' id='word_1_265' title='bbox 948 3418 1062 3468; x_wconf 88' lang='lat' dir='ltr'><strong>c’est</strong></span> <span class='ocrx_word' id='word_1_266' title='bbox 1098 3419 1141 3468; x_wconf 87' lang='lat' dir='ltr'><strong>le</strong></span> <span class='ocrx_word' id='word_1_267' title='bbox 1177 3419 1311 3468; x_wconf 69' lang='lat' dir='ltr'><strong>senat</strong></span> <span class='ocrx_word' id='word_1_268' title='bbox 1349 3421 1606 3485; x_wconf 88' lang='lat' dir='ltr'><strong>municipal</strong></span> <span class='ocrx_word' id='word_1_269' title='bbox 1646 3424 1727 3484; x_wconf 90' lang='lat' dir='ltr'><strong>qui</strong></span> <span class='ocrx_word' id='word_1_270' title='bbox 1765 3420 1925 3470; x_wconf 72' lang='lat' dir='ltr'><strong>verifie</strong></span> <span class='ocrx_word' id='word_1_271' title='bbox 1950 3421 2017 3470; x_wconf 88' lang='lat' dir='ltr'><strong>les</strong></span> <span class='ocrx_word' id='word_1_272' title='bbox 2042 3422 2313 3470; x_wconf 88' lang='lat' dir='ltr'><strong>eonditions</strong></span> <span class='ocrx_word' id='word_1_273' title='bbox 2338 3421 2799 3488; x_wconf 61' lang='lat' dir='ltr'><strong>d&#39;emancipation3’</strong></span> 
     </span>
     <span class='ocr_line' id='line_1_29' title="bbox 533 3503 2799 3573; baseline 0.002 -19"><span class='ocrx_word' id='word_1_274' title='bbox 533 3506 618 3554; x_wconf 86' lang='lat' dir='ltr'><strong>Vir</strong></span> <span class='ocrx_word' id='word_1_275' title='bbox 669 3506 731 3554; x_wconf 89' lang='lat' dir='ltr'><strong>cl.</strong></span> <span class='ocrx_word' id='word_1_276' title='bbox 785 3505 834 3553; x_wconf 91' lang='lat' dir='ltr'><strong>ni</strong></span> <span class='ocrx_word' id='word_1_277' title='bbox 870 3505 1038 3563; x_wconf 83' lang='lat' dir='ltr'><strong>fallor,</strong></span> <span class='ocrx_word' id='word_1_278' title='bbox 1087 3506 1135 3554; x_wconf 90' lang='lat' dir='ltr'><strong>in</strong></span> <span class='ocrx_word' id='word_1_279' title='bbox 1172 3521 1383 3555; x_wconf 86' lang='lat' dir='ltr'><strong>errorem</strong></span> <span class='ocrx_word' id='word_1_280' title='bbox 1419 3507 1593 3554; x_wconf 86' lang='lat' dir='ltr'><strong>incidit</strong></span> <span class='ocrx_word' id='word_1_281' title='bbox 1628 3503 1738 3555; x_wconf 87' lang='lat' dir='ltr'><strong>inde</strong></span> <span class='ocrx_word' id='word_1_282' title='bbox 1776 3511 1961 3567; x_wconf 90' lang='lat' dir='ltr'><strong>ortum,</strong></span> <span class='ocrx_word' id='word_1_283' title='bbox 2005 3507 2131 3570; x_wconf 88' lang='lat' dir='ltr'><strong>quod</strong></span> <span class='ocrx_word' id='word_1_284' title='bbox 2168 3509 2423 3557; x_wconf 87' lang='lat' dir='ltr'><strong>consilium</strong></span> <span class='ocrx_word' id='word_1_285' title='bbox 2458 3510 2697 3573; x_wconf 87' lang='lat' dir='ltr'><strong>praetoris</strong></span> <span class='ocrx_word' id='word_1_286' title='bbox 2736 3526 2799 3559; x_wconf 84' lang='lat' dir='ltr'><strong>ex</strong></span> 
     </span>
     <span class='ocr_line' id='line_1_30' title="bbox 530 3590 2797 3659; baseline 0.002 -19"><span class='ocrx_word' id='word_1_287' title='bbox 530 3594 745 3657; x_wconf 88' lang='lat' dir='ltr'><strong>tempore</strong></span> <span class='ocrx_word' id='word_1_288' title='bbox 796 3590 973 3639; x_wconf 84' lang='lat' dir='ltr'><strong>liberae</strong></span> <span class='ocrx_word' id='word_1_289' title='bbox 1027 3590 1320 3654; x_wconf 83' lang='lat' dir='ltr'><strong>reipublicae</strong></span> <span class='ocrx_word' id='word_1_290' title='bbox 1374 3607 1469 3640; x_wconf 92' lang='lat' dir='ltr'><strong>non</strong></span> <span class='ocrx_word' id='word_1_291' title='bbox 1522 3592 1741 3641; x_wconf 82' lang='lat' dir='ltr'><strong>distinxit</strong></span> <span class='ocrx_word' id='word_1_292' title='bbox 1778 3609 1803 3640; x_wconf 88' lang='lat' dir='ltr'><strong>a</strong></span> <span class='ocrx_word' id='word_1_293' title='bbox 1841 3593 2039 3641; x_wconf 88' lang='lat' dir='ltr'><strong>consilio</strong></span> <span class='ocrx_word' id='word_1_294' title='bbox 2076 3594 2151 3641; x_wconf 87' lang='lat' dir='ltr'><strong>cui</strong></span> <span class='ocrx_word' id='word_1_295' title='bbox 2189 3594 2293 3658; x_wconf 87' lang='lat' dir='ltr'><strong>lege</strong></span> <span class='ocrx_word' id='word_1_296' title='bbox 2325 3593 2463 3642; x_wconf 85' lang='lat' dir='ltr'><strong>Aelia</strong></span> <span class='ocrx_word' id='word_1_297' title='bbox 2489 3595 2655 3644; x_wconf 86' lang='lat' dir='ltr'><strong>Sentia</strong></span> <span class='ocrx_word' id='word_1_298' title='bbox 2679 3611 2797 3659; x_wconf 84' lang='lat' dir='ltr'><strong>pro-</strong></span> 
     </span>
     <span class='ocr_line' id='line_1_31' title="bbox 527 3675 2797 3736; baseline 0.002 -12"><span class='ocrx_word' id='word_1_299' title='bbox 527 3676 658 3724; x_wconf 91' lang='lat' dir='ltr'><strong>batio</strong></span> <span class='ocrx_word' id='word_1_300' title='bbox 695 3691 864 3724; x_wconf 88' lang='lat' dir='ltr'><strong>causae</strong></span> <span class='ocrx_word' id='word_1_301' title='bbox 902 3675 1285 3723; x_wconf 81' lang='lat' dir='ltr'><strong>manumissionis</strong></span> <span class='ocrx_word' id='word_1_302' title='bbox 1322 3680 1425 3723; x_wconf 88' lang='lat' dir='ltr'><strong>erat</strong></span> <span class='ocrx_word' id='word_1_303' title='bbox 1460 3677 1703 3728; x_wconf 85' lang='lat' dir='ltr'><strong>mandata.</strong></span> <span class='ocrx_word' id='word_1_304' title='bbox 1759 3678 1973 3726; x_wconf 90' lang='lat' dir='ltr'><strong>Multum</strong></span> <span class='ocrx_word' id='word_1_305' title='bbox 2011 3682 2169 3726; x_wconf 86' lang='lat' dir='ltr'><strong>tamen</strong></span> <span class='ocrx_word' id='word_1_306' title='bbox 2205 3679 2463 3736; x_wconf 83' lang='lat' dir='ltr'><strong>intererat3</strong></span> <span class='ocrx_word' id='word_1_307' title='bbox 2500 3678 2624 3727; x_wconf 86' lang='lat' dir='ltr'><strong>illud</strong></span> <span class='ocrx_word' id='word_1_308' title='bbox 2661 3680 2797 3729; x_wconf 86' lang='lat' dir='ltr'><strong>enim</strong></span> 
     </span>
     <span class='ocr_line' id='line_1_32' title="bbox 529 3760 2799 3828; baseline 0.002 -20"><span class='ocrx_word' id='word_1_309' title='bbox 529 3761 740 3809; x_wconf 88' lang='lat' dir='ltr'><strong>consiliis</strong></span> <span class='ocrx_word' id='word_1_310' title='bbox 793 3764 982 3809; x_wconf 89' lang='lat' dir='ltr'><strong>tantum</strong></span> <span class='ocrx_word' id='word_1_311' title='bbox 1035 3765 1305 3824; x_wconf 85' lang='lat' dir='ltr'><strong>praetorem</strong></span> <span class='ocrx_word' id='word_1_312' title='bbox 1337 3760 1636 3824; x_wconf 86' lang='lat' dir='ltr'><strong>judicantem</strong></span> <span class='ocrx_word' id='word_1_313' title='bbox 1672 3762 1957 3825; x_wconf 80' lang='lat' dir='ltr'><strong>adjuvabat3</strong></span> <span class='ocrx_word' id='word_1_314' title='bbox 2000 3763 2092 3811; x_wconf 89' lang='lat' dir='ltr'><strong>hoc</strong></span> <span class='ocrx_word' id='word_1_315' title='bbox 2129 3779 2243 3811; x_wconf 84' lang='lat' dir='ltr'><strong>vero</strong></span> <span class='ocrx_word' id='word_1_316' title='bbox 2278 3764 2436 3828; x_wconf 88' lang='lat' dir='ltr'><strong>ipsum</strong></span> <span class='ocrx_word' id='word_1_317' title='bbox 2472 3779 2641 3812; x_wconf 85' lang='lat' dir='ltr'><strong>causas</strong></span> <span class='ocrx_word' id='word_1_318' title='bbox 2676 3780 2799 3813; x_wconf 85' lang='lat' dir='ltr'><strong>exa·</strong></span> 
     </span>
     <span class='ocr_line' id='line_1_33' title="bbox 525 3844 2798 3911; baseline 0.002 -18"><span class='ocrx_word' id='word_1_319' title='bbox 525 3845 738 3894; x_wconf 86' lang='lat' dir='ltr'><strong>minabat</strong></span> <span class='ocrx_word' id='word_1_320' title='bbox 791 3860 929 3892; x_wconf 86' lang='lat' dir='ltr'><strong>easve</strong></span> <span class='ocrx_word' id='word_1_321' title='bbox 976 3844 1130 3907; x_wconf 82' lang='lat' dir='ltr'><strong>justas</strong></span> <span class='ocrx_word' id='word_1_322' title='bbox 1168 3845 1243 3893; x_wconf 86' lang='lat' dir='ltr'><strong>vel</strong></span> <span class='ocrx_word' id='word_1_323' title='bbox 1277 3845 1478 3908; x_wconf 82' lang='lat' dir='ltr'><strong>injustas</strong></span> <span class='ocrx_word' id='word_1_324' title='bbox 1510 3845 1784 3908; x_wconf 82' lang='lat' dir='ltr'><strong>judicabat;</strong></span> <span class='ocrx_word' id='word_1_325' title='bbox 1822 3863 1940 3911; x_wconf 87' lang='lat' dir='ltr'><strong>quae</strong></span> <span class='ocrx_word' id='word_1_326' title='bbox 1978 3863 2088 3896; x_wconf 91' lang='lat' dir='ltr'><strong>cum</strong></span> <span class='ocrx_word' id='word_1_327' title='bbox 2124 3847 2192 3895; x_wconf 89' lang='lat' dir='ltr'><strong>ita</strong></span> <span class='ocrx_word' id='word_1_328' title='bbox 2227 3849 2351 3902; x_wconf 85' lang='lat' dir='ltr'><strong>sint,</strong></span> <span class='ocrx_word' id='word_1_329' title='bbox 2392 3851 2553 3911; x_wconf 85' lang='lat' dir='ltr'><strong>partes</strong></span> <span class='ocrx_word' id='word_1_330' title='bbox 2597 3848 2798 3898; x_wconf 87' lang='lat' dir='ltr'><strong>consilii</strong></span> 
     </span>
     <span class='ocr_line' id='line_1_34' title="bbox 528 3928 2795 3994; baseline 0.002 -17"><span class='ocrx_word' id='word_1_331' title='bbox 528 3928 646 3993; x_wconf 88' lang='lat' dir='ltr'><strong>legis</strong></span> <span class='ocrx_word' id='word_1_332' title='bbox 699 3928 862 3976; x_wconf 86' lang='lat' dir='ltr'><strong>Aeliae</strong></span> <span class='ocrx_word' id='word_1_333' title='bbox 910 3929 1101 3976; x_wconf 87' lang='lat' dir='ltr'><strong>Sentiae</strong></span> <span class='ocrx_word' id='word_1_334' title='bbox 1153 3933 1202 3977; x_wconf 87' lang='lat' dir='ltr'><strong>et</strong></span> <span class='ocrx_word' id='word_1_335' title='bbox 1257 3930 1440 3978; x_wconf 86' lang='lat' dir='ltr'><strong>ordinis</strong></span> <span class='ocrx_word' id='word_1_336' title='bbox 1495 3931 1813 3994; x_wconf 83' lang='lat' dir='ltr'><strong>Salpensanae</strong></span> <span class='ocrx_word' id='word_1_337' title='bbox 1866 3932 1914 3980; x_wconf 89' lang='lat' dir='ltr'><strong>in</strong></span> <span class='ocrx_word' id='word_1_338' title='bbox 1952 3931 2041 3981; x_wconf 87' lang='lat' dir='ltr'><strong>hac</strong></span> <span class='ocrx_word' id='word_1_339' title='bbox 2078 3946 2219 3981; x_wconf 86' lang='lat' dir='ltr'><strong>causa</strong></span> <span class='ocrx_word' id='word_1_340' title='bbox 2260 3932 2471 3980; x_wconf 86' lang='lat' dir='ltr'><strong>diversas</strong></span> <span class='ocrx_word' id='word_1_341' title='bbox 2506 3931 2654 3980; x_wconf 84' lang='lat' dir='ltr'><strong>fuisse</strong></span> <span class='ocrx_word' id='word_1_342' title='bbox 2692 3949 2795 3982; x_wconf 87' lang='lat' dir='ltr'><strong>non</strong></span> 
     </span>
     <span class='ocr_line' id='line_1_35' title="bbox 529 4011 1695 4077; baseline 0.003 -17"><span class='ocrx_word' id='word_1_343' title='bbox 529 4016 662 4077; x_wconf 87' lang='lat' dir='ltr'><strong>puto.</strong></span> <span class='ocrx_word' id='word_1_344' title='bbox 701 4011 775 4060; x_wconf 82' lang='lat' dir='ltr'><strong>Cf.</strong></span> <span class='ocrx_word' id='word_1_345' title='bbox 812 4024 1006 4059; x_wconf 69' lang='lat' dir='ltr'><strong>emam&gt;</strong></span> <span class='ocrx_word' id='word_1_346' title='bbox 1044 4012 1092 4060; x_wconf 88' lang='lat' dir='ltr'><strong>in</strong></span> <span class='ocrx_word' id='word_1_347' title='bbox 1135 4012 1220 4075; x_wconf 82' lang='lat' dir='ltr'><strong>Op.</strong></span> <span class='ocrx_word' id='word_1_348' title='bbox 1257 4014 1291 4061; x_wconf 90' lang='lat' dir='ltr'><strong>I.</strong></span> <span class='ocrx_word' id='word_1_349' title='bbox 1333 4029 1380 4077; x_wconf 88' lang='lat' dir='ltr'><strong>p.</strong></span> <span class='ocrx_word' id='word_1_350' title='bbox 1421 4014 1541 4073; x_wconf 83' lang='lat'><strong>113,</strong></span> <span class='ocrx_word' id='word_1_351' title='bbox 1584 4015 1695 4063; x_wconf 85' lang='lat'>114.</span> 
     </span>
    </p>

    <p class='ocr_par' dir='ltr' id='par_1_9' title="bbox 526 4097 2800 4588">
     <span class='ocr_line' id='line_1_36' title="bbox 667 4097 2799 4165; baseline 0.004 -22"><span class='ocrx_word' id='word_1_352' title='bbox 667 4097 749 4144; x_wconf 87' lang='lat' dir='ltr'><strong>Dr.</strong></span> <span class='ocrx_word' id='word_1_353' title='bbox 787 4109 954 4144; x_wconf 70' lang='lat' dir='ltr'><strong>asnaa</strong></span> <span class='ocrx_word' id='word_1_354' title='bbox 987 4111 1176 4160; x_wconf 89' lang='lat' dir='ltr'><strong>quoque</strong></span> <span class='ocrx_word' id='word_1_355' title='bbox 1215 4101 1280 4161; x_wconf 90' lang='lat' dir='ltr'><strong>(p.</strong></span> <span class='ocrx_word' id='word_1_356' title='bbox 1322 4099 1418 4146; x_wconf 79' lang='lat'><strong>122</strong></span> <span class='ocrx_word' id='word_1_357' title='bbox 1449 4100 1695 4148; x_wconf 72' lang='lat' dir='ltr'><strong>Commeat.</strong></span> <span class='ocrx_word' id='word_1_358' title='bbox 1731 4099 1885 4162; x_wconf 83' lang='lat' dir='ltr'><strong>laud.)</strong></span> <span class='ocrx_word' id='word_1_359' title='bbox 1914 4099 2145 4148; x_wconf 86' lang='lat' dir='ltr'><strong>eiusmodi</strong></span> <span class='ocrx_word' id='word_1_360' title='bbox 2172 4099 2491 4164; x_wconf 84' lang='lat' dir='ltr'><strong>objectionem</strong></span> <span class='ocrx_word' id='word_1_361' title='bbox 2520 4102 2799 4165; x_wconf 86' lang='lat' dir='ltr'><strong>proposuit.</strong></span> 
     </span>
     <span class='ocr_line' id='line_1_37' title="bbox 531 4181 2800 4248; baseline 0.003 -17"><span class='ocrx_word' id='word_1_362' title='bbox 531 4181 664 4232; x_wconf 89' lang='lat' dir='ltr'><strong>Dicit</strong></span> <span class='ocrx_word' id='word_1_363' title='bbox 688 4181 950 4240; x_wconf 86' lang='lat' dir='ltr'><strong>„L&#39;auteur</strong></span> <span class='ocrx_word' id='word_1_364' title='bbox 985 4182 1068 4230; x_wconf 88' lang='lat' dir='ltr'><strong>des</strong></span> <span class='ocrx_word' id='word_1_365' title='bbox 1124 4181 1294 4231; x_wconf 82' lang='lat' dir='ltr'><strong>Tables</strong></span> <span class='ocrx_word' id='word_1_366' title='bbox 1331 4183 1446 4231; x_wconf 89' lang='lat' dir='ltr'><strong>s’est</strong></span> <span class='ocrx_word' id='word_1_367' title='bbox 1480 4181 1631 4246; x_wconf 74' lang='lat' dir='ltr'><strong>figure</strong></span> <span class='ocrx_word' id='word_1_368' title='bbox 1668 4199 1759 4248; x_wconf 88' lang='lat' dir='ltr'><strong>que</strong></span> <span class='ocrx_word' id='word_1_369' title='bbox 1796 4185 1839 4232; x_wconf 90' lang='lat' dir='ltr'><strong>le</strong></span> <span class='ocrx_word' id='word_1_370' title='bbox 1876 4184 2132 4233; x_wconf 82' lang='lat' dir='ltr'><strong>consilium</strong></span> <span class='ocrx_word' id='word_1_371' title='bbox 2169 4185 2227 4232; x_wconf 86' lang='lat' dir='ltr'><strong>de</strong></span> <span class='ocrx_word' id='word_1_372' title='bbox 2264 4184 2309 4232; x_wconf 88' lang='lat' dir='ltr'><strong>la</strong></span> <span class='ocrx_word' id='word_1_373' title='bbox 2345 4184 2409 4233; x_wconf 90' lang='lat' dir='ltr'><strong>loi</strong></span> <span class='ocrx_word' id='word_1_374' title='bbox 2449 4184 2587 4232; x_wconf 87' lang='lat' dir='ltr'><strong>Aelia</strong></span> <span class='ocrx_word' id='word_1_375' title='bbox 2623 4186 2800 4237; x_wconf 70' lang='lat' dir='ltr'><strong>Sentis</strong></span> 
     </span>
     <span class='ocr_line' id='line_1_38' title="bbox 529 4264 2800 4334; baseline 0.002 -19"><span class='ocrx_word' id='word_1_376' title='bbox 529 4264 646 4315; x_wconf 60' lang='lat' dir='ltr'><strong>&amp;tait</strong></span> <span class='ocrx_word' id='word_1_377' title='bbox 701 4265 744 4313; x_wconf 81' lang='lat' dir='ltr'><strong>le</strong></span> <span class='ocrx_word' id='word_1_378' title='bbox 797 4266 978 4314; x_wconf 87' lang='lat' dir='ltr'><strong>conseil</strong></span> <span class='ocrx_word' id='word_1_379' title='bbox 1030 4266 1314 4331; x_wconf 84' lang='lat' dir='ltr'><strong>municipal.</strong></span> <span class='ocrx_word' id='word_1_380' title='bbox 1384 4269 1571 4326; x_wconf 65' lang='lat' dir='ltr'><strong>(inve,</strong></span> <span class='ocrx_word' id='word_1_381' title='bbox 1628 4282 1847 4328; x_wconf 68' lang='lat' dir='ltr'><strong>urrisu,</strong></span> <span class='ocrx_word' id='word_1_382' title='bbox 1905 4268 2197 4318; x_wconf 67' lang='lat' dir='ltr'><strong>‘rufiormnn</strong></span> <span class='ocrx_word' id='word_1_383' title='bbox 2232 4269 2302 4317; x_wconf 88' lang='lat' dir='ltr'><strong>lui</strong></span> <span class='ocrx_word' id='word_1_384' title='bbox 2337 4269 2553 4317; x_wconf 82' lang='lat' dir='ltr'><strong>auraient</strong></span> <span class='ocrx_word' id='word_1_385' title='bbox 2588 4269 2663 4318; x_wconf 83' lang='lat' dir='ltr'><strong>dit</strong></span> <span class='ocrx_word' id='word_1_386' title='bbox 2697 4286 2800 4334; x_wconf 85' lang='lat' dir='ltr'><strong>que</strong></span> 
     </span>
     <span class='ocr_line' id='line_1_39' title="bbox 527 4351 2799 4420; baseline 0.002 -20"><span class='ocrx_word' id='word_1_387' title='bbox 527 4353 648 4401; x_wconf 88' lang='lat' dir='ltr'><strong>c’est</strong></span> <span class='ocrx_word' id='word_1_388' title='bbox 687 4351 730 4399; x_wconf 87' lang='lat' dir='ltr'><strong>le</strong></span> <span class='ocrx_word' id='word_1_389' title='bbox 767 4351 944 4399; x_wconf 88' lang='lat' dir='ltr'><strong>conseil</strong></span> <span class='ocrx_word' id='word_1_390' title='bbox 971 4352 1053 4400; x_wconf 89' lang='lat' dir='ltr'><strong>des</strong></span> <span class='ocrx_word' id='word_1_391' title='bbox 1091 4352 1226 4414; x_wconf 84' lang='lat' dir='ltr'><strong>vingt</strong></span> <span class='ocrx_word' id='word_1_392' title='bbox 1279 4351 1638 4418; x_wconf 69' lang='lat' dir='ltr'><strong>recuperateurs</strong></span> <span class='ocrx_word' id='word_1_393' title='bbox 1677 4355 1757 4417; x_wconf 88' lang='lat' dir='ltr'><strong>qui</strong></span> <span class='ocrx_word' id='word_1_394' title='bbox 1794 4355 2016 4403; x_wconf 85' lang='lat' dir='ltr'><strong>assistent</strong></span> <span class='ocrx_word' id='word_1_395' title='bbox 2052 4355 2096 4403; x_wconf 88' lang='lat' dir='ltr'><strong>le</strong></span> <span class='ocrx_word' id='word_1_396' title='bbox 2130 4353 2387 4420; x_wconf 86' lang='lat' dir='ltr'><strong>proconsul</strong></span> <span class='ocrx_word' id='word_1_397' title='bbox 2424 4354 2543 4403; x_wconf 86' lang='lat' dir='ltr'><strong>dans</strong></span> <span class='ocrx_word' id='word_1_398' title='bbox 2578 4371 2635 4404; x_wconf 79' lang='lat' dir='ltr'><strong>sa</strong></span> <span class='ocrx_word' id='word_1_399' title='bbox 2665 4355 2799 4419; x_wconf 86' lang='lat' dir='ltr'><strong>juri·</strong></span> 
     </span>
     <span class='ocr_line' id='line_1_40' title="bbox 526 4435 2795 4502; baseline 0.002 -15"><span class='ocrx_word' id='word_1_400' title='bbox 526 4435 768 4494; x_wconf 86' lang='lat' dir='ltr'><strong>diction;’&#39;</strong></span> <span class='ocrx_word' id='word_1_401' title='bbox 807 4441 855 4485; x_wconf 89' lang='lat' dir='ltr'><strong>et</strong></span> <span class='ocrx_word' id='word_1_402' title='bbox 891 4437 1034 4501; x_wconf 89' lang='lat' dir='ltr'><strong>paulo</strong></span> <span class='ocrx_word' id='word_1_403' title='bbox 1070 4443 1208 4502; x_wconf 88' lang='lat' dir='ltr'><strong>post:</strong></span> <span class='ocrx_word' id='word_1_404' title='bbox 1263 4438 1332 4498; x_wconf 81' lang='lat' dir='ltr'><strong>„il</strong></span> <span class='ocrx_word' id='word_1_405' title='bbox 1385 4456 1411 4486; x_wconf 89' lang='lat' dir='ltr'><strong>a</strong></span> <span class='ocrx_word' id='word_1_406' title='bbox 1468 4440 1665 4487; x_wconf 90' lang='lat' dir='ltr'><strong>commis</strong></span> <span class='ocrx_word' id='word_1_407' title='bbox 1718 4440 1844 4490; x_wconf 84' lang='lat' dir='ltr'><strong>aussi</strong></span> <span class='ocrx_word' id='word_1_408' title='bbox 1892 4439 2164 4491; x_wconf 67' lang='lat' dir='ltr'><strong>l’enormite</strong></span> <span class='ocrx_word' id='word_1_409' title='bbox 2211 4440 2495 4490; x_wconf 82' lang='lat' dir='ltr'><strong>d&#39;attribuer</strong></span> <span class='ocrx_word' id='word_1_410' title='bbox 2533 4439 2617 4489; x_wconf 86' lang='lat' dir='ltr'><strong>des</strong></span> <span class='ocrx_word' id='word_1_411' title='bbox 2656 4440 2795 4491; x_wconf 80' lang='lat' dir='ltr'><strong>fonc-</strong></span> 
     </span>
     <span class='ocr_line' id='line_1_41' title="bbox 532 4520 1797 4588; baseline 0 -16"><span class='ocrx_word' id='word_1_412' title='bbox 532 4523 660 4572; x_wconf 85' lang='lat' dir='ltr'><strong>tions</strong></span> <span class='ocrx_word' id='word_1_413' title='bbox 691 4520 966 4586; x_wconf 67' lang='lat' dir='ltr'><strong>judiciuin-es</strong></span> <span class='ocrx_word' id='word_1_414' title='bbox 1005 4538 1097 4572; x_wconf 83' lang='lat' dir='ltr'><strong>aux</strong></span> <span class='ocrx_word' id='word_1_415' title='bbox 1133 4520 1387 4572; x_wconf 70' lang='lat' dir='ltr'><strong>decuriens</strong></span> <span class='ocrx_word' id='word_1_416' title='bbox 1425 4523 1482 4572; x_wconf 87' lang='lat' dir='ltr'><strong>de</strong></span> <span class='ocrx_word' id='word_1_417' title='bbox 1520 4523 1797 4588; x_wconf 80' lang='lat' dir='ltr'><strong>Salpensa.”</strong></span> 
     </span>
    </p>
   </div>
  </div>
 </body>
</html>
