<?xml version="1.0" encoding="UTF-8"?>
<!DOCTYPE html PUBLIC "-//W3C//DTD XHTML 1.0 Transitional//EN"
    "http://www.w3.org/TR/xhtml1/DTD/xhtml1-transitional.dtd">
<html xmlns="http://www.w3.org/1999/xhtml" xml:lang="en" lang="en">
 <head>
  <title>
</title>
<meta http-equiv="Content-Type" content="text/html;charset=utf-8" />
  <meta name='ocr-system' content='tesseract 3.04.00' />
  <meta name='ocr-capabilities' content='ocr_page ocr_carea ocr_par ocr_line ocrx_word'/>
</head>
<body>
  <div class='ocr_page' id='page_1' title='image "./disquisitiodeae00swingoog_0085.png"; bbox 0 0 3027 5263; ppageno 0'>
   <div class='ocr_carea' id='block_1_1' title="bbox 1311 551 1395 611">
    <p class='ocr_par' dir='ltr' id='par_1_1' title="bbox 1311 551 1395 611">
     <span class='ocr_line' id='line_1_1' title="bbox 1311 551 1395 611; baseline 0.024 -2"><span class='ocrx_word' id='word_1_1' title='bbox 1311 551 1395 611; x_wconf 79' lang='lat'>69</span> 
     </span>
    </p>
   </div>
   <div class='ocr_carea' id='block_1_2' title="bbox 205 740 2473 3114">
    <p class='ocr_par' dir='ltr' id='par_1_2' title="bbox 219 740 2473 1187">
     <span class='ocr_line' id='line_1_2' title="bbox 226 740 2473 828; baseline 0.004 -25"><span class='ocrx_word' id='word_1_2' title='bbox 226 741 546 806; x_wconf 82' lang='lat' dir='ltr'><strong>Senatores</strong></span> <span class='ocrx_word' id='word_1_3' title='bbox 611 741 938 807; x_wconf 74' lang='lat' dir='ltr'>sententias</span> <span class='ocrx_word' id='word_1_4' title='bbox 985 763 1020 806; x_wconf 87' lang='lat' dir='ltr'>a</span> <span class='ocrx_word' id='word_1_5' title='bbox 1083 741 1439 828; x_wconf 84' lang='lat' dir='ltr'>magistratu</span> <span class='ocrx_word' id='word_1_6' title='bbox 1501 741 1700 828; x_wconf 87' lang='lat' dir='ltr'>rogati</span> <span class='ocrx_word' id='word_1_7' title='bbox 1778 740 2063 806; x_wconf 86' lang='lat' dir='ltr'>dicebant</span> <span class='ocrx_word' id='word_1_8' title='bbox 2073 769 2092 822; x_wconf 83' lang='lat'>3</span> <span class='ocrx_word' id='word_1_9' title='bbox 2162 765 2348 827; x_wconf 88' lang='lat' dir='ltr'>quam</span> <span class='ocrx_word' id='word_1_10' title='bbox 2394 745 2473 812; x_wconf 93' lang='lat' dir='ltr'>ob</span> 
     </span>
     <span class='ocr_line' id='line_1_3' title="bbox 221 868 2471 955; baseline 0.001 -23"><span class='ocrx_word' id='word_1_11' title='bbox 221 889 471 933; x_wconf 88' lang='lat' dir='ltr'>causam</span> <span class='ocrx_word' id='word_1_12' title='bbox 535 869 764 955; x_wconf 86' lang='lat' dir='ltr'>optime</span> <span class='ocrx_word' id='word_1_13' title='bbox 831 869 946 932; x_wconf 92' lang='lat' dir='ltr'>hoc</span> <span class='ocrx_word' id='word_1_14' title='bbox 1001 868 1135 933; x_wconf 93' lang='lat' dir='ltr'>loco</span> <span class='ocrx_word' id='word_1_15' title='bbox 1191 868 1488 955; x_wconf 84' lang='lat' dir='ltr'>quaedam</span> <span class='ocrx_word' id='word_1_16' title='bbox 1555 868 1630 934; x_wconf 87' lang='lat' dir='ltr'>de</span> <span class='ocrx_word' id='word_1_17' title='bbox 1686 874 1932 932; x_wconf 87' lang='lat' dir='ltr'>senatus</span> <span class='ocrx_word' id='word_1_18' title='bbox 2004 876 2342 948; x_wconf 84' lang='lat' dir='ltr'>conventu,</span> <span class='ocrx_word' id='word_1_19' title='bbox 2394 871 2471 935; x_wconf 88' lang='lat' dir='ltr'>ad</span> 
     </span>
     <span class='ocr_line' id='line_1_4' title="bbox 222 995 2469 1084; baseline 0.002 -25"><span class='ocrx_word' id='word_1_20' title='bbox 222 1017 411 1081; x_wconf 87' lang='lat' dir='ltr'>quem</span> <span class='ocrx_word' id='word_1_21' title='bbox 481 996 777 1062; x_wconf 89' lang='lat' dir='ltr'>nonnulla</span> <span class='ocrx_word' id='word_1_22' title='bbox 835 995 986 1082; x_wconf 85' lang='lat' dir='ltr'>legis</span> <span class='ocrx_word' id='word_1_23' title='bbox 1067 995 1214 1062; x_wconf 87' lang='lat' dir='ltr'>Mal.</span> <span class='ocrx_word' id='word_1_24' title='bbox 1296 1001 1619 1082; x_wconf 86' lang='lat' dir='ltr'>praecepta</span> <span class='ocrx_word' id='word_1_25' title='bbox 1688 997 2034 1082; x_wconf 86' lang='lat' dir='ltr'>pertinent,</span> <span class='ocrx_word' id='word_1_26' title='bbox 2108 997 2290 1062; x_wconf 88' lang='lat' dir='ltr'>inseri</span> <span class='ocrx_word' id='word_1_27' title='bbox 2364 1019 2469 1084; x_wconf 87' lang='lat' dir='ltr'>po·</span> 
     </span>
     <span class='ocr_line' id='line_1_5' title="bbox 219 1123 438 1187; baseline 0.009 -2"><span class='ocrx_word' id='word_1_28' title='bbox 219 1123 438 1187; x_wconf 83' lang='lat' dir='ltr'>terint.</span> 
     </span>
    </p>

    <p class='ocr_par' dir='ltr' id='par_1_3' title="bbox 205 1248 2467 2351">
     <span class='ocr_line' id='line_1_6' title="bbox 411 1248 2463 1338; baseline 0.002 -26"><span class='ocrx_word' id='word_1_29' title='bbox 411 1249 491 1312; x_wconf 80' lang='lat' dir='ltr'>Et</span> <span class='ocrx_word' id='word_1_30' title='bbox 537 1248 764 1314; x_wconf 87' lang='lat' dir='ltr'>Romae</span> <span class='ocrx_word' id='word_1_31' title='bbox 811 1253 872 1313; x_wconf 86' lang='lat' dir='ltr'>et</span> <span class='ocrx_word' id='word_1_32' title='bbox 917 1250 981 1313; x_wconf 92' lang='lat' dir='ltr'>in</span> <span class='ocrx_word' id='word_1_33' title='bbox 1029 1249 1380 1334; x_wconf 87' lang='lat' dir='ltr'>municipiis</span> <span class='ocrx_word' id='word_1_34' title='bbox 1427 1249 1683 1314; x_wconf 87' lang='lat' dir='ltr'>Senatus</span> <span class='ocrx_word' id='word_1_35' title='bbox 1732 1271 1767 1314; x_wconf 91' lang='lat' dir='ltr'>a</span> <span class='ocrx_word' id='word_1_36' title='bbox 1801 1250 2054 1315; x_wconf 86' lang='lat' dir='ltr'>summis</span> <span class='ocrx_word' id='word_1_37' title='bbox 2105 1251 2463 1338; x_wconf 86' lang='lat' dir='ltr'>magistrati·</span> 
     </span>
     <span class='ocr_line' id='line_1_7' title="bbox 213 1375 2462 1461; baseline 0.001 -21"><span class='ocrx_word' id='word_1_38' title='bbox 213 1375 340 1440; x_wconf 87' lang='lat' dir='ltr'>bus</span> <span class='ocrx_word' id='word_1_39' title='bbox 388 1375 751 1454; x_wconf 80' lang='lat' dir='ltr'><strong>habebatur,</strong></span> <span class='ocrx_word' id='word_1_40' title='bbox 807 1375 974 1461; x_wconf 89' lang='lat' dir='ltr'>quod</span> <span class='ocrx_word' id='word_1_41' title='bbox 1021 1375 1296 1439; x_wconf 81' lang='lat' dir='ltr'>Malacae</span> <span class='ocrx_word' id='word_1_42' title='bbox 1345 1396 1589 1460; x_wconf 90' lang='lat' dir='ltr'>quoque</span> <span class='ocrx_word' id='word_1_43' title='bbox 1638 1376 1979 1440; x_wconf 81' lang='lat' dir='ltr'>obtinuisse</span> <span class='ocrx_word' id='word_1_44' title='bbox 2027 1376 2183 1441; x_wconf 80' lang='lat' dir='ltr'>infra</span> <span class='ocrx_word' id='word_1_45' title='bbox 2232 1377 2462 1444; x_wconf 86' lang='lat' dir='ltr'>videbi-</span> 
     </span>
     <span class='ocr_line' id='line_1_8' title="bbox 213 1501 2464 1587; baseline 0.001 -20"><span class='ocrx_word' id='word_1_46' title='bbox 213 1524 378 1567; x_wconf 91' lang='lat' dir='ltr'>mus.</span> <span class='ocrx_word' id='word_1_47' title='bbox 476 1503 643 1567; x_wconf 91' lang='lat' dir='ltr'>Ordo</span> <span class='ocrx_word' id='word_1_48' title='bbox 690 1502 902 1566; x_wconf 90' lang='lat' dir='ltr'>haberi</span> <span class='ocrx_word' id='word_1_49' title='bbox 967 1524 1093 1566; x_wconf 91' lang='lat' dir='ltr'>non</span> <span class='ocrx_word' id='word_1_50' title='bbox 1156 1505 1398 1587; x_wconf 83' lang='lat' dir='ltr'>poterat</span> <span class='ocrx_word' id='word_1_51' title='bbox 1444 1501 1567 1565; x_wconf 90' lang='lat' dir='ltr'>nisi</span> <span class='ocrx_word' id='word_1_52' title='bbox 1616 1501 1771 1566; x_wconf 84' lang='lat' dir='ltr'>duae</span> <span class='ocrx_word' id='word_1_53' title='bbox 1817 1509 2019 1587; x_wconf 86' lang='lat' dir='ltr'>partes</span> <span class='ocrx_word' id='word_1_54' title='bbox 2069 1503 2464 1569; x_wconf 81' lang='lat' dir='ltr'>decurionum</span> 
     </span>
     <span class='ocr_line' id='line_1_9' title="bbox 209 1629 2464 1718; baseline 0.001 -24"><span class='ocrx_word' id='word_1_55' title='bbox 209 1630 538 1708; x_wconf 81' lang='lat' dir='ltr'>adessent3</span> <span class='ocrx_word' id='word_1_56' title='bbox 605 1630 853 1695; x_wconf 91' lang='lat' dir='ltr'>omnino</span> <span class='ocrx_word' id='word_1_57' title='bbox 902 1631 1015 1694; x_wconf 92' lang='lat' dir='ltr'>hoc</span> <span class='ocrx_word' id='word_1_58' title='bbox 1063 1630 1127 1694; x_wconf 89' lang='lat' dir='ltr'>in</span> <span class='ocrx_word' id='word_1_59' title='bbox 1179 1629 1536 1715; x_wconf 89' lang='lat' dir='ltr'>municipiis</span> <span class='ocrx_word' id='word_1_60' title='bbox 1594 1635 1903 1715; x_wconf 86' lang='lat' dir='ltr'>receptum</span> <span class='ocrx_word' id='word_1_61' title='bbox 1969 1641 2096 1694; x_wconf 81' lang='lat' dir='ltr'>erat</span> <span class='ocrx_word' id='word_1_62' title='bbox 2135 1632 2215 1717; x_wconf 88' lang='lat'>¹),</span> <span class='ocrx_word' id='word_1_63' title='bbox 2266 1655 2464 1718; x_wconf 91' lang='lat' dir='ltr'>neque</span> 
     </span>
     <span class='ocr_line' id='line_1_10' title="bbox 210 1753 2467 1842; baseline 0.001 -21"><span class='ocrx_word' id='word_1_64' title='bbox 210 1757 442 1822; x_wconf 82' lang='lat' dir='ltr'>dubito</span> <span class='ocrx_word' id='word_1_65' title='bbox 489 1756 635 1842; x_wconf 90' lang='lat' dir='ltr'>quin</span> <span class='ocrx_word' id='word_1_66' title='bbox 701 1756 862 1820; x_wconf 91' lang='lat' dir='ltr'>idem</span> <span class='ocrx_word' id='word_1_67' title='bbox 925 1756 991 1819; x_wconf 90' lang='lat' dir='ltr'>in</span> <span class='ocrx_word' id='word_1_68' title='bbox 1040 1754 1394 1840; x_wconf 87' lang='lat' dir='ltr'>municipiis</span> <span class='ocrx_word' id='word_1_69' title='bbox 1465 1753 1693 1818; x_wconf 81' lang='lat' dir='ltr'>Flaviis</span> <span class='ocrx_word' id='word_1_70' title='bbox 1734 1756 1887 1840; x_wconf 90' lang='lat' dir='ltr'>juris</span> <span class='ocrx_word' id='word_1_71' title='bbox 1933 1756 2136 1820; x_wconf 83' lang='lat' dir='ltr'>fuerit.</span> <span class='ocrx_word' id='word_1_72' title='bbox 2232 1757 2467 1824; x_wconf 83' lang='lat' dir='ltr'>Romae</span> 
     </span>
     <span class='ocr_line' id='line_1_11' title="bbox 205 1880 2461 1969; baseline 0.001 -23"><span class='ocrx_word' id='word_1_73' title='bbox 205 1882 561 1967; x_wconf 86' lang='lat' dir='ltr'>frequentia</span> <span class='ocrx_word' id='word_1_74' title='bbox 609 1887 850 1945; x_wconf 86' lang='lat' dir='ltr'>senatus</span> <span class='ocrx_word' id='word_1_75' title='bbox 898 1880 1047 1945; x_wconf 88' lang='lat' dir='ltr'>adeo</span> <span class='ocrx_word' id='word_1_76' title='bbox 1095 1886 1222 1945; x_wconf 86' lang='lat' dir='ltr'>erat</span> <span class='ocrx_word' id='word_1_77' title='bbox 1270 1880 1489 1945; x_wconf 84' lang='lat' dir='ltr'>usitata</span> <span class='ocrx_word' id='word_1_78' title='bbox 1536 1887 1607 1944; x_wconf 87' lang='lat' dir='ltr'>ut</span> <span class='ocrx_word' id='word_1_79' title='bbox 1654 1881 1823 1945; x_wconf 89' lang='lat' dir='ltr'>nulla</span> <span class='ocrx_word' id='word_1_80' title='bbox 1872 1890 2191 1969; x_wconf 87' lang='lat' dir='ltr'>praecepta</span> <span class='ocrx_word' id='word_1_81' title='bbox 2239 1883 2313 1948; x_wconf 89' lang='lat' dir='ltr'>de</span> <span class='ocrx_word' id='word_1_82' title='bbox 2354 1884 2461 1949; x_wconf 87' lang='lat' dir='ltr'>illa</span> 
     </span>
     <span class='ocr_line' id='line_1_12' title="bbox 213 2006 2462 2094; baseline 0.001 -20"><span class='ocrx_word' id='word_1_83' title='bbox 213 2009 532 2089; x_wconf 83' lang='lat' dir='ltr'>adessent3</span> <span class='ocrx_word' id='word_1_84' title='bbox 594 2015 807 2094; x_wconf 85' lang='lat' dir='ltr'>postea</span> <span class='ocrx_word' id='word_1_85' title='bbox 861 2016 1100 2086; x_wconf 86' lang='lat' dir='ltr'>tamen,</span> <span class='ocrx_word' id='word_1_86' title='bbox 1161 2007 1368 2092; x_wconf 87' lang='lat' dir='ltr'>prouti</span> <span class='ocrx_word' id='word_1_87' title='bbox 1416 2006 1490 2070; x_wconf 90' lang='lat' dir='ltr'>de</span> <span class='ocrx_word' id='word_1_88' title='bbox 1530 2007 1782 2072; x_wconf 86' lang='lat' dir='ltr'>diversis</span> <span class='ocrx_word' id='word_1_89' title='bbox 1839 2007 2017 2074; x_wconf 87' lang='lat' dir='ltr'>rebus</span> <span class='ocrx_word' id='word_1_90' title='bbox 2070 2010 2462 2088; x_wconf 83' lang='lat' dir='ltr'>referebatur,</span> 
     </span>
     <span class='ocr_line' id='line_1_13' title="bbox 211 2133 2461 2225; baseline 0 -23"><span class='ocrx_word' id='word_1_91' title='bbox 211 2139 486 2203; x_wconf 85' lang='lat' dir='ltr'>diversus</span> <span class='ocrx_word' id='word_1_92' title='bbox 549 2157 838 2201; x_wconf 86' lang='lat' dir='ltr'>numerus</span> <span class='ocrx_word' id='word_1_93' title='bbox 900 2135 990 2199; x_wconf 90' lang='lat' dir='ltr'>ibi</span> <span class='ocrx_word' id='word_1_94' title='bbox 1051 2133 1468 2220; x_wconf 80' lang='lat' dir='ltr'>requirebatur</span> <span class='ocrx_word' id='word_1_95' title='bbox 1498 2135 1571 2219; x_wconf 80' lang='lat'>²).</span> <span class='ocrx_word' id='word_1_96' title='bbox 1670 2135 1992 2200; x_wconf 83' lang='lat' dir='ltr'>Senatores</span> <span class='ocrx_word' id='word_1_97' title='bbox 2041 2158 2283 2222; x_wconf 89' lang='lat' dir='ltr'>quoque</span> <span class='ocrx_word' id='word_1_98' title='bbox 2323 2139 2461 2225; x_wconf 87' lang='lat' dir='ltr'>cogi</span> 
     </span>
     <span class='ocr_line' id='line_1_14' title="bbox 215 2262 1939 2351; baseline -0.002 -21"><span class='ocrx_word' id='word_1_99' title='bbox 215 2270 504 2351; x_wconf 83' lang='lat' dir='ltr'>poterant</span> <span class='ocrx_word' id='word_1_100' title='bbox 552 2264 798 2342; x_wconf 79' lang='lat' dir='ltr'>adesse3</span> <span class='ocrx_word' id='word_1_101' title='bbox 849 2263 1125 2328; x_wconf 83' lang='lat' dir='ltr'>absentes</span> <span class='ocrx_word' id='word_1_102' title='bbox 1172 2263 1367 2326; x_wconf 87' lang='lat' dir='ltr'>multa</span> <span class='ocrx_word' id='word_1_103' title='bbox 1413 2262 1831 2328; x_wconf 85' lang='lat' dir='ltr'>afficiebantur</span> <span class='ocrx_word' id='word_1_104' title='bbox 1870 2263 1939 2347; x_wconf 79' lang='lat'>³).</span> 
     </span>
    </p>

    <p class='ocr_par' dir='ltr' id='par_1_4' title="bbox 208 2389 2463 2733">
     <span class='ocr_line' id='line_1_15' title="bbox 404 2389 2463 2476; baseline 0 -20"><span class='ocrx_word' id='word_1_105' title='bbox 404 2390 554 2456; x_wconf 88' lang='lat' dir='ltr'>Nisi</span> <span class='ocrx_word' id='word_1_106' title='bbox 601 2391 876 2456; x_wconf 78' lang='lat' dir='ltr'>adessent</span> <span class='ocrx_word' id='word_1_107' title='bbox 924 2391 1078 2456; x_wconf 86' lang='lat' dir='ltr'>duae</span> <span class='ocrx_word' id='word_1_108' title='bbox 1125 2399 1325 2476; x_wconf 83' lang='lat' dir='ltr'>partes</span> <span class='ocrx_word' id='word_1_109' title='bbox 1361 2390 1595 2454; x_wconf 85' lang='lat' dir='ltr'>ordinis</span> <span class='ocrx_word' id='word_1_110' title='bbox 1632 2389 1871 2454; x_wconf 88' lang='lat' dir='ltr'>decreta</span> <span class='ocrx_word' id='word_1_111' title='bbox 1906 2410 2062 2475; x_wconf 85' lang='lat' dir='ltr'>quae</span> <span class='ocrx_word' id='word_1_112' title='bbox 2095 2391 2255 2455; x_wconf 83' lang='lat' dir='ltr'>facta</span> <span class='ocrx_word' id='word_1_113' title='bbox 2288 2399 2463 2457; x_wconf 88' lang='lat' dir='ltr'>erant</span> 
     </span>
     <span class='ocr_line' id='line_1_16' title="bbox 211 2516 2459 2604; baseline -0.001 -18"><span class='ocrx_word' id='word_1_114' title='bbox 211 2540 344 2586; x_wconf 88' lang='lat' dir='ltr'>non</span> <span class='ocrx_word' id='word_1_115' title='bbox 392 2518 701 2598; x_wconf 81' lang='lat' dir='ltr'>valebant3</span> <span class='ocrx_word' id='word_1_116' title='bbox 741 2539 868 2582; x_wconf 91' lang='lat' dir='ltr'>non</span> <span class='ocrx_word' id='word_1_117' title='bbox 902 2523 1141 2583; x_wconf 87' lang='lat' dir='ltr'>tantum</span> <span class='ocrx_word' id='word_1_118' title='bbox 1173 2517 1308 2604; x_wconf 87' lang='lat' dir='ltr'>lege</span> <span class='ocrx_word' id='word_1_119' title='bbox 1340 2516 1709 2581; x_wconf 87' lang='lat' dir='ltr'>Malacitana</span> <span class='ocrx_word' id='word_1_120' title='bbox 1742 2523 1803 2581; x_wconf 89' lang='lat' dir='ltr'>et</span> <span class='ocrx_word' id='word_1_121' title='bbox 1834 2516 2201 2603; x_wconf 84' lang='lat' dir='ltr'>Salpensana</span> <span class='ocrx_word' id='word_1_122' title='bbox 2233 2519 2281 2604; x_wconf 76' lang='lat'>¹)</span> <span class='ocrx_word' id='word_1_123' title='bbox 2300 2570 2319 2599; x_wconf 92' lang='lat'><em>,</em></span> <span class='ocrx_word' id='word_1_124' title='bbox 2354 2519 2459 2586; x_wconf 89' lang='lat' dir='ltr'>sed</span> 
     </span>
     <span class='ocr_line' id='line_1_17' title="bbox 208 2645 2135 2733; baseline -0.002 -20"><span class='ocrx_word' id='word_1_125' title='bbox 208 2647 448 2733; x_wconf 89' lang='lat' dir='ltr'>ubique</span> <span class='ocrx_word' id='word_1_126' title='bbox 493 2647 561 2710; x_wconf 87' lang='lat' dir='ltr'>in</span> <span class='ocrx_word' id='word_1_127' title='bbox 608 2646 957 2731; x_wconf 88' lang='lat' dir='ltr'>municipiis</span> <span class='ocrx_word' id='word_1_128' title='bbox 1004 2645 1121 2710; x_wconf 89' lang='lat' dir='ltr'>hoc</span> <span class='ocrx_word' id='word_1_129' title='bbox 1168 2650 1460 2709; x_wconf 86' lang='lat' dir='ltr'>statutum</span> <span class='ocrx_word' id='word_1_130' title='bbox 1510 2645 1697 2709; x_wconf 83' lang='lat' dir='ltr'>fuisse</span> <span class='ocrx_word' id='word_1_131' title='bbox 1747 2645 2032 2710; x_wconf 88' lang='lat' dir='ltr'>docemur</span> <span class='ocrx_word' id='word_1_132' title='bbox 2064 2646 2135 2731; x_wconf 80' lang='lat'>³).</span> 
     </span>
    </p>

    <p class='ocr_par' dir='ltr' id='par_1_5' title="bbox 209 2773 2461 3114">
     <span class='ocr_line' id='line_1_18' title="bbox 408 2773 2459 2859; baseline 0 -20"><span class='ocrx_word' id='word_1_133' title='bbox 408 2773 621 2855; x_wconf 76' lang='lat' dir='ltr'>Quum</span> <span class='ocrx_word' id='word_1_134' title='bbox 665 2775 856 2859; x_wconf 88' lang='lat' dir='ltr'>igitur</span> <span class='ocrx_word' id='word_1_135' title='bbox 887 2774 1036 2839; x_wconf 87' lang='lat' dir='ltr'>ordo</span> <span class='ocrx_word' id='word_1_136' title='bbox 1086 2773 1360 2859; x_wconf 85' lang='lat' dir='ltr'>legitimo</span> <span class='ocrx_word' id='word_1_137' title='bbox 1393 2794 1649 2837; x_wconf 91' lang='lat' dir='ltr'>numero</span> <span class='ocrx_word' id='word_1_138' title='bbox 1682 2780 1923 2837; x_wconf 85' lang='lat' dir='ltr'>coactus</span> <span class='ocrx_word' id='word_1_139' title='bbox 1972 2780 2097 2853; x_wconf 86' lang='lat' dir='ltr'>est,</span> <span class='ocrx_word' id='word_1_140' title='bbox 2148 2773 2459 2859; x_wconf 87' lang='lat' dir='ltr'>magistra·</span> 
     </span>
     <span class='ocr_line' id='line_1_19' title="bbox 210 2897 2457 2985; baseline -0.001 -19"><span class='ocrx_word' id='word_1_141' title='bbox 210 2907 318 2966; x_wconf 82' lang='lat' dir='ltr'>tus</span> <span class='ocrx_word' id='word_1_142' title='bbox 368 2900 476 2985; x_wconf 89' lang='lat' dir='ltr'>qui</span> <span class='ocrx_word' id='word_1_143' title='bbox 524 2900 878 2966; x_wconf 85' lang='lat' dir='ltr'>decuriones</span> <span class='ocrx_word' id='word_1_144' title='bbox 928 2900 1109 2965; x_wconf 83' lang='lat' dir='ltr'>habet</span> <span class='ocrx_word' id='word_1_145' title='bbox 1157 2900 1224 2964; x_wconf 92' lang='lat' dir='ltr'>in</span> <span class='ocrx_word' id='word_1_146' title='bbox 1275 2898 1405 2984; x_wconf 87' lang='lat' dir='ltr'>lege</span> <span class='ocrx_word' id='word_1_147' title='bbox 1439 2897 1811 2963; x_wconf 84' lang='lat' dir='ltr'>Malacitana</span> <span class='ocrx_word' id='word_1_148' title='bbox 1848 2898 1898 2983; x_wconf 76' lang='lat'>⁶)</span> <span class='ocrx_word' id='word_1_149' title='bbox 1941 2899 2191 2984; x_wconf 88' lang='lat' dir='ltr'>jubetur</span> <span class='ocrx_word' id='word_1_150' title='bbox 2242 2901 2457 2965; x_wconf 86' lang='lat' dir='ltr'>referre</span> 
     </span>
     <span class='ocr_line' id='line_1_20' title="bbox 209 3024 2461 3114; baseline -0 -22"><span class='ocrx_word' id='word_1_151' title='bbox 209 3028 294 3093; x_wconf 88' lang='lat' dir='ltr'>ad</span> <span class='ocrx_word' id='word_1_152' title='bbox 342 3034 540 3113; x_wconf 86' lang='lat' dir='ltr'>patres</span> <span class='ocrx_word' id='word_1_153' title='bbox 588 3050 708 3114; x_wconf 88' lang='lat' dir='ltr'>qua</span> <span class='ocrx_word' id='word_1_154' title='bbox 756 3027 831 3091; x_wconf 90' lang='lat' dir='ltr'>de</span> <span class='ocrx_word' id='word_1_155' title='bbox 878 3049 943 3092; x_wconf 90' lang='lat' dir='ltr'>re</span> <span class='ocrx_word' id='word_1_156' title='bbox 1009 3034 1244 3113; x_wconf 85' lang='lat' dir='ltr'>agatur.</span> <span class='ocrx_word' id='word_1_157' title='bbox 1345 3024 1478 3090; x_wconf 90' lang='lat' dir='ltr'>Hoc</span> <span class='ocrx_word' id='word_1_158' title='bbox 1530 3024 1749 3109; x_wconf 87' lang='lat' dir='ltr'>Capite</span> <span class='ocrx_word' id='word_1_159' title='bbox 1797 3047 1992 3090; x_wconf 88' lang='lat' dir='ltr'>sermo</span> <span class='ocrx_word' id='word_1_160' title='bbox 2048 3033 2136 3091; x_wconf 88' lang='lat' dir='ltr'>est</span> <span class='ocrx_word' id='word_1_161' title='bbox 2186 3025 2260 3091; x_wconf 90' lang='lat' dir='ltr'>de</span> <span class='ocrx_word' id='word_1_162' title='bbox 2311 3026 2461 3091; x_wconf 89' lang='lat' dir='ltr'>elec·</span> 
     </span>
    </p>
   </div>
   <div class='ocr_carea' id='block_1_3' title="bbox 210 3172 624 3181">
    <p class='ocr_par' dir='ltr' id='par_1_6' title="bbox 210 3172 624 3181">
     <span class='ocr_line' id='line_1_21' title="bbox 210 3172 624 3181; baseline 0 0"><span class='ocrx_word' id='word_1_163' title='bbox 210 3172 624 3181; x_wconf 95' lang='lat' dir='ltr'> </span> 
     </span>
    </p>
   </div>
   <div class='ocr_carea' id='block_1_4' title="bbox 200 3250 2472 4501">
    <p class='ocr_par' dir='ltr' id='par_1_7' title="bbox 207 3250 2462 3404">
     <span class='ocr_line' id='line_1_22' title="bbox 356 3250 2462 3318; baseline 0.001 -16"><span class='ocrx_word' id='word_1_164' title='bbox 356 3252 394 3315; x_wconf 74' lang='grc'>1)</span> <span class='ocrx_word' id='word_1_165' title='bbox 464 3253 572 3303; x_wconf 77' lang='lat' dir='ltr'>vid.</span> <span class='ocrx_word' id='word_1_166' title='bbox 607 3252 723 3318; x_wconf 81' lang='lat' dir='ltr'>Leg.</span> <span class='ocrx_word' id='word_1_167' title='bbox 760 3254 790 3302; x_wconf 76' lang='lat'>3</span> <span class='ocrx_word' id='word_1_168' title='bbox 827 3254 886 3303; x_wconf 92' lang='lat' dir='ltr'>D.</span> <span class='ocrx_word' id='word_1_169' title='bbox 922 3254 984 3303; x_wconf 78' lang='lat' dir='ltr'>de</span> <span class='ocrx_word' id='word_1_170' title='bbox 1015 3253 1176 3302; x_wconf 71' lang='lat' dir='ltr'>decret</span> <span class='ocrx_word' id='word_1_171' title='bbox 1208 3253 1266 3301; x_wconf 79' lang='lat' dir='ltr'>ab</span> <span class='ocrx_word' id='word_1_172' title='bbox 1302 3252 1408 3303; x_wconf 82' lang='lat' dir='ltr'>ord.</span> <span class='ocrx_word' id='word_1_173' title='bbox 1429 3252 1544 3316; x_wconf 79' lang='lat' dir='ltr'>fac.</span> <span class='ocrx_word' id='word_1_174' title='bbox 1580 3251 1737 3314; x_wconf 84' lang='grc'>(50.9)</span> <span class='ocrx_word' id='word_1_175' title='bbox 1772 3252 1835 3303; x_wconf 77' lang='lat' dir='ltr'>cf.</span> <span class='ocrx_word' id='word_1_176' title='bbox 1862 3250 1953 3315; x_wconf 81' lang='lat' dir='ltr'>leg.</span> <span class='ocrx_word' id='word_1_177' title='bbox 1991 3254 2021 3302; x_wconf 80' lang='lat'><em>8</em></span> <span class='ocrx_word' id='word_1_178' title='bbox 2050 3252 2109 3303; x_wconf 87' lang='lat' dir='ltr'>D.</span> <span class='ocrx_word' id='word_1_179' title='bbox 2146 3254 2275 3317; x_wconf 80' lang='lat' dir='ltr'>quod</span> <span class='ocrx_word' id='word_1_180' title='bbox 2302 3255 2462 3305; x_wconf 75' lang='lat' dir='ltr'>cuiue·</span> 
     </span>
     <span class='ocr_line' id='line_1_23' title="bbox 207 3338 886 3404; baseline 0.001 -16"><span class='ocrx_word' id='word_1_181' title='bbox 207 3352 305 3404; x_wconf 72' lang='lat' dir='ltr'>que</span> <span class='ocrx_word' id='word_1_182' title='bbox 335 3338 463 3388; x_wconf 71' lang='lat' dir='ltr'>univ.</span> <span class='ocrx_word' id='word_1_183' title='bbox 497 3338 698 3387; x_wconf 78' lang='lat' dir='ltr'>nomine.</span> <span class='ocrx_word' id='word_1_184' title='bbox 740 3338 886 3401; x_wconf 83' lang='lat'>(3.4).</span> 
     </span>
    </p>

    <p class='ocr_par' dir='ltr' id='par_1_8' title="bbox 354 3421 1615 3484">
     <span class='ocr_line' id='line_1_24' title="bbox 354 3421 1615 3484; baseline 0.002 -13"><span class='ocrx_word' id='word_1_185' title='bbox 354 3423 394 3484; x_wconf 75' lang='grc'>2)</span> <span class='ocrx_word' id='word_1_186' title='bbox 464 3422 572 3471; x_wconf 84' lang='lat' dir='ltr'>vid.</span> <span class='ocrx_word' id='word_1_187' title='bbox 606 3435 817 3482; x_wconf 69' lang='lat' dir='ltr'>ninum,</span> <span class='ocrx_word' id='word_1_188' title='bbox 850 3422 956 3471; x_wconf 88' lang='lat' dir='ltr'>Lib.</span> <span class='ocrx_word' id='word_1_189' title='bbox 992 3421 1078 3472; x_wconf 78' lang='grc'>89.</span> <span class='ocrx_word' id='word_1_190' title='bbox 1124 3422 1213 3481; x_wconf 84' lang='grc'>18;</span> <span class='ocrx_word' id='word_1_191' title='bbox 1251 3422 1360 3474; x_wconf 85' lang='lat' dir='ltr'>Lib.</span> <span class='ocrx_word' id='word_1_192' title='bbox 1396 3423 1480 3473; x_wconf 83' lang='lat'>42.</span> <span class='ocrx_word' id='word_1_193' title='bbox 1530 3422 1615 3473; x_wconf 78' lang='lat'>28.</span> 
     </span>
    </p>

    <p class='ocr_par' dir='ltr' id='par_1_9' title="bbox 352 3504 1675 3572">
     <span class='ocr_line' id='line_1_25' title="bbox 352 3504 1675 3572; baseline 0.001 -15"><span class='ocrx_word' id='word_1_194' title='bbox 352 3506 396 3571; x_wconf 75' lang='lat'>³&gt;</span> <span class='ocrx_word' id='word_1_195' title='bbox 465 3507 575 3557; x_wconf 79' lang='lat' dir='ltr'>vid.</span> <span class='ocrx_word' id='word_1_196' title='bbox 611 3520 864 3565; x_wconf 62' lang='lat' dir='ltr'>annuitur,</span> <span class='ocrx_word' id='word_1_197' title='bbox 903 3508 1036 3556; x_wconf 72' lang='lat' dir='ltr'>Noct.</span> <span class='ocrx_word' id='word_1_198' title='bbox 1074 3508 1176 3556; x_wconf 76' lang='lat' dir='ltr'>Au.</span> <span class='ocrx_word' id='word_1_199' title='bbox 1209 3506 1318 3557; x_wconf 85' lang='lat' dir='ltr'>Lib.</span> <span class='ocrx_word' id='word_1_200' title='bbox 1354 3507 1434 3556; x_wconf 84' lang='lat'>14.</span> <span class='ocrx_word' id='word_1_201' title='bbox 1475 3507 1596 3572; x_wconf 84' lang='lat' dir='ltr'>Cap.</span> <span class='ocrx_word' id='word_1_202' title='bbox 1628 3504 1675 3558; x_wconf 79' lang='lat'>7.</span> 
     </span>
    </p>

    <p class='ocr_par' dir='ltr' id='par_1_10' title="bbox 202 3589 2455 3740">
     <span class='ocr_line' id='line_1_26' title="bbox 347 3589 2455 3656; baseline 0.002 -17"><span class='ocrx_word' id='word_1_203' title='bbox 347 3591 394 3654; x_wconf 76' lang='lat'>4)</span> <span class='ocrx_word' id='word_1_204' title='bbox 461 3590 800 3656; x_wconf 83' lang='lat' dir='ltr'>Compluribus</span> <span class='ocrx_word' id='word_1_205' title='bbox 837 3590 982 3652; x_wconf 82' lang='lat' dir='ltr'>locis,</span> <span class='ocrx_word' id='word_1_206' title='bbox 1017 3591 1190 3654; x_wconf 89' lang='lat' dir='ltr'>ubique</span> <span class='ocrx_word' id='word_1_207' title='bbox 1215 3592 1314 3641; x_wconf 80' lang='lat' dir='ltr'>fere</span> <span class='ocrx_word' id='word_1_208' title='bbox 1338 3591 1423 3640; x_wconf 88' lang='lat' dir='ltr'>ubi</span> <span class='ocrx_word' id='word_1_209' title='bbox 1448 3591 1506 3639; x_wconf 89' lang='lat' dir='ltr'>de</span> <span class='ocrx_word' id='word_1_210' title='bbox 1531 3590 1737 3640; x_wconf 85' lang='lat' dir='ltr'>decretis</span> <span class='ocrx_word' id='word_1_211' title='bbox 1762 3590 1821 3639; x_wconf 84' lang='lat' dir='ltr'>ab</span> <span class='ocrx_word' id='word_1_212' title='bbox 1860 3589 2027 3639; x_wconf 85' lang='lat' dir='ltr'>ordine</span> <span class='ocrx_word' id='word_1_213' title='bbox 2050 3591 2277 3641; x_wconf 80' lang='lat' dir='ltr'>faciendis</span> <span class='ocrx_word' id='word_1_214' title='bbox 2300 3608 2455 3643; x_wconf 84' lang='lat' dir='ltr'>sermo</span> 
     </span>
     <span class='ocr_line' id='line_1_27' title="bbox 202 3673 2318 3740; baseline -0.001 -13"><span class='ocrx_word' id='word_1_215' title='bbox 202 3678 282 3727; x_wconf 80' lang='lat' dir='ltr'>est</span> <span class='ocrx_word' id='word_1_216' title='bbox 313 3674 407 3725; x_wconf 86' lang='lat' dir='ltr'>hoc</span> <span class='ocrx_word' id='word_1_217' title='bbox 443 3675 634 3723; x_wconf 84' lang='lat' dir='ltr'>additur</span> <span class='ocrx_word' id='word_1_218' title='bbox 669 3674 765 3724; x_wconf 87' lang='lat' dir='ltr'>vid.</span> <span class='ocrx_word' id='word_1_219' title='bbox 800 3674 918 3739; x_wconf 88' lang='lat' dir='ltr'>Cap.</span> <span class='ocrx_word' id='word_1_220' title='bbox 956 3674 1045 3733; x_wconf 79' lang='lat'>28,</span> <span class='ocrx_word' id='word_1_221' title='bbox 1087 3675 1166 3723; x_wconf 80' lang='lat'>29.</span> <span class='ocrx_word' id='word_1_222' title='bbox 1201 3676 1315 3739; x_wconf 72' lang='lat' dir='ltr'>quis</span> <span class='ocrx_word' id='word_1_223' title='bbox 1347 3675 1474 3737; x_wconf 82' lang='lat' dir='ltr'>Salp.</span> <span class='ocrx_word' id='word_1_224' title='bbox 1511 3674 1630 3740; x_wconf 83' lang='lat' dir='ltr'>Cap.</span> <span class='ocrx_word' id='word_1_225' title='bbox 1666 3674 1758 3732; x_wconf 78' lang='lat' dir='ltr'>ol,</span> <span class='ocrx_word' id='word_1_226' title='bbox 1797 3675 1889 3730; x_wconf 79' lang='lat'>64,</span> <span class='ocrx_word' id='word_1_227' title='bbox 1926 3673 2006 3723; x_wconf 73' lang='lat'>67.</span> <span class='ocrx_word' id='word_1_228' title='bbox 2042 3676 2161 3737; x_wconf 62' lang='grc' dir='ltr'>ἱερὴ</span> <span class='ocrx_word' id='word_1_229' title='bbox 2198 3676 2318 3725; x_wconf 78' lang='lat' dir='ltr'>Mal.</span> 
     </span>
    </p>

    <p class='ocr_par' dir='ltr' id='par_1_11' title="bbox 200 3757 2467 4247">
     <span class='ocr_line' id='line_1_28' title="bbox 347 3757 2456 3823; baseline 0 -14"><span class='ocrx_word' id='word_1_230' title='bbox 347 3760 626 3809; x_wconf 81' lang='lat' dir='ltr'>Notandum</span> <span class='ocrx_word' id='word_1_231' title='bbox 661 3761 820 3807; x_wconf 83' lang='lat' dir='ltr'>tamen</span> <span class='ocrx_word' id='word_1_232' title='bbox 856 3762 950 3817; x_wconf 87' lang='lat' dir='ltr'>est,</span> <span class='ocrx_word' id='word_1_233' title='bbox 992 3759 1212 3822; x_wconf 69' lang='lat' dir='ltr'>inprimis</span> <span class='ocrx_word' id='word_1_234' title='bbox 1237 3774 1345 3807; x_wconf 91' lang='lat' dir='ltr'>cum</span> <span class='ocrx_word' id='word_1_235' title='bbox 1369 3762 1617 3823; x_wconf 81' lang='lat' dir='ltr'>prematur</span> <span class='ocrx_word' id='word_1_236' title='bbox 1641 3760 1733 3807; x_wconf 90' lang='lat' dir='ltr'>hoc</span> <span class='ocrx_word' id='word_1_237' title='bbox 1758 3774 1785 3807; x_wconf 93' lang='lat' dir='ltr'>a</span> <span class='ocrx_word' id='word_1_238' title='bbox 1810 3760 1914 3805; x_wconf 87' lang='lat' dir='ltr'>viro</span> <span class='ocrx_word' id='word_1_239' title='bbox 1940 3757 2001 3807; x_wconf 86' lang='lat' dir='ltr'>cl.</span> <span class='ocrx_word' id='word_1_240' title='bbox 2037 3770 2374 3822; x_wconf 69' lang='lat' dir='ltr'>Lanounuc,</span> <span class='ocrx_word' id='word_1_241' title='bbox 2406 3762 2456 3809; x_wconf 86' lang='lat' dir='ltr'>iu</span> 
     </span>
     <span class='ocr_line' id='line_1_29' title="bbox 201 3840 2463 3910; baseline -0 -15"><span class='ocrx_word' id='word_1_242' title='bbox 201 3845 391 3910; x_wconf 81' lang='lat' dir='ltr'>Opere:</span> <span class='ocrx_word' id='word_1_243' title='bbox 415 3844 509 3894; x_wconf 70' lang='lat' dir='ltr'>Les</span> <span class='ocrx_word' id='word_1_244' title='bbox 531 3845 711 3901; x_wconf 70' lang='lat' dir='ltr'>Tables,</span> <span class='ocrx_word' id='word_1_245' title='bbox 739 3860 789 3908; x_wconf 87' lang='lat' dir='ltr'>p.</span> <span class='ocrx_word' id='word_1_246' title='bbox 813 3843 876 3891; x_wconf 81' lang='lat'>45</span> <span class='ocrx_word' id='word_1_247' title='bbox 901 3846 1003 3893; x_wconf 86' lang='lat' dir='ltr'>not.</span> <span class='ocrx_word' id='word_1_248' title='bbox 1029 3843 1120 3902; x_wconf 85' lang='lat'>40,</span> <span class='ocrx_word' id='word_1_249' title='bbox 1155 3842 1208 3891; x_wconf 91' lang='lat' dir='ltr'>in</span> <span class='ocrx_word' id='word_1_250' title='bbox 1231 3843 1399 3907; x_wconf 87' lang='lat' dir='ltr'>Capite</span> <span class='ocrx_word' id='word_1_251' title='bbox 1425 3844 1489 3893; x_wconf 81' lang='lat'>62</span> <span class='ocrx_word' id='word_1_252' title='bbox 1513 3843 1636 3907; x_wconf 70' lang='lat' dir='ltr'>leqis</span> <span class='ocrx_word' id='word_1_253' title='bbox 1657 3843 1776 3892; x_wconf 81' lang='lat' dir='ltr'>Mal.</span> <span class='ocrx_word' id='word_1_254' title='bbox 1798 3840 2047 3891; x_wconf 84' lang='lat' dir='ltr'>decretum</span> <span class='ocrx_word' id='word_1_255' title='bbox 2070 3842 2251 3893; x_wconf 79' lang='lat' dir='ltr'>ordinis</span> <span class='ocrx_word' id='word_1_256' title='bbox 2276 3845 2463 3908; x_wconf 80' lang='lat' dir='ltr'>requiri</span> 
     </span>
     <span class='ocr_line' id='line_1_30' title="bbox 206 3926 2459 3993; baseline 0 -15"><span class='ocrx_word' id='word_1_257' title='bbox 206 3946 357 3990; x_wconf 80' lang='lat' dir='ltr'>„cum</span> <span class='ocrx_word' id='word_1_258' title='bbox 392 3928 544 3979; x_wconf 88' lang='lat' dir='ltr'>maior</span> <span class='ocrx_word' id='word_1_259' title='bbox 583 3945 694 3993; x_wconf 87' lang='lat' dir='ltr'>pars</span> <span class='ocrx_word' id='word_1_260' title='bbox 729 3944 894 3978; x_wconf 88' lang='lat' dir='ltr'>eorum</span> <span class='ocrx_word' id='word_1_261' title='bbox 927 3928 1133 3987; x_wconf 77' lang='lat' dir='ltr'>fuerit,’&#39;</span> <span class='ocrx_word' id='word_1_262' title='bbox 1168 3944 1289 3993; x_wconf 86' lang='lat' dir='ltr'>quae</span> <span class='ocrx_word' id='word_1_263' title='bbox 1322 3928 1364 3977; x_wconf 80' lang='lat' dir='ltr'>si</span> <span class='ocrx_word' id='word_1_264' title='bbox 1405 3928 1706 3992; x_wconf 86' lang='lat' dir='ltr'>accipiantur</span> <span class='ocrx_word' id='word_1_265' title='bbox 1752 3928 1898 3975; x_wconf 77' lang='lat' dir='ltr'>verba</span> <span class='ocrx_word' id='word_1_266' title='bbox 1932 3927 1992 3977; x_wconf 86' lang='lat' dir='ltr'>ad</span> <span class='ocrx_word' id='word_1_267' title='bbox 2028 3926 2267 3987; x_wconf 88' lang='lat' dir='ltr'>litteram,</span> <span class='ocrx_word' id='word_1_268' title='bbox 2304 3930 2459 3979; x_wconf 90' lang='lat' dir='ltr'>conti-</span> 
     </span>
     <span class='ocr_line' id='line_1_31' title="bbox 202 4012 2467 4079; baseline 0 -16"><span class='ocrx_word' id='word_1_269' title='bbox 202 4018 293 4063; x_wconf 80' lang='lat' dir='ltr'>net</span> <span class='ocrx_word' id='word_1_270' title='bbox 326 4014 418 4063; x_wconf 89' lang='lat' dir='ltr'>hoc</span> <span class='ocrx_word' id='word_1_271' title='bbox 452 4013 570 4078; x_wconf 88' lang='lat' dir='ltr'>legis</span> <span class='ocrx_word' id='word_1_272' title='bbox 603 4014 834 4079; x_wconf 83' lang='lat' dir='ltr'>placitum</span> <span class='ocrx_word' id='word_1_273' title='bbox 869 4014 1197 4078; x_wconf 87' lang='lat' dir='ltr'>exceptionem</span> <span class='ocrx_word' id='word_1_274' title='bbox 1234 4030 1263 4062; x_wconf 88' lang='lat' dir='ltr'>a</span> <span class='ocrx_word' id='word_1_275' title='bbox 1299 4029 1466 4062; x_wconf 87' lang='lat' dir='ltr'>norma</span> <span class='ocrx_word' id='word_1_276' title='bbox 1507 4012 1684 4076; x_wconf 86' lang='lat' dir='ltr'>ubique</span> <span class='ocrx_word' id='word_1_277' title='bbox 1717 4012 1767 4061; x_wconf 88' lang='lat' dir='ltr'>in</span> <span class='ocrx_word' id='word_1_278' title='bbox 1808 4012 1911 4077; x_wconf 82' lang='lat' dir='ltr'>lege</span> <span class='ocrx_word' id='word_1_279' title='bbox 1935 4013 2245 4078; x_wconf 80' lang='lat' dir='ltr'>praescripta.</span> <span class='ocrx_word' id='word_1_280' title='bbox 2301 4014 2429 4064; x_wconf 87' lang='lat' dir='ltr'>Puto</span> <span class='ocrx_word' id='word_1_281' title='bbox 2452 4053 2467 4076; x_wconf 84' lang='lat'>‚</span> 
     </span>
     <span class='ocr_line' id='line_1_32' title="bbox 203 4096 2465 4162; baseline 0 -13"><span class='ocrx_word' id='word_1_282' title='bbox 203 4113 318 4149; x_wconf 88' lang='lat' dir='ltr'>cum</span> <span class='ocrx_word' id='word_1_283' title='bbox 355 4098 528 4161; x_wconf 87' lang='lat' dir='ltr'>ubique</span> <span class='ocrx_word' id='word_1_284' title='bbox 563 4102 613 4147; x_wconf 88' lang='lat' dir='ltr'>et</span> <span class='ocrx_word' id='word_1_285' title='bbox 662 4096 713 4147; x_wconf 90' lang='lat' dir='ltr'>in</span> <span class='ocrx_word' id='word_1_286' title='bbox 763 4096 948 4162; x_wconf 72' lang='lat' dir='ltr'>legibus</span> <span class='ocrx_word' id='word_1_287' title='bbox 994 4098 1172 4148; x_wconf 88' lang='lat' dir='ltr'>nostris</span> <span class='ocrx_word' id='word_1_288' title='bbox 1217 4100 1266 4147; x_wconf 86' lang='lat' dir='ltr'>et</span> <span class='ocrx_word' id='word_1_289' title='bbox 1301 4098 1417 4147; x_wconf 80' lang='lat' dir='ltr'>alibi</span> <span class='ocrx_word' id='word_1_290' title='bbox 1463 4098 1771 4159; x_wconf 85' lang='lat' dir='ltr'>requirantur</span> <span class='ocrx_word' id='word_1_291' title='bbox 1814 4098 1935 4145; x_wconf 86' lang='lat' dir='ltr'>duae</span> <span class='ocrx_word' id='word_1_292' title='bbox 1992 4103 2150 4161; x_wconf 80' lang='lat' dir='ltr'>partes</span> <span class='ocrx_word' id='word_1_293' title='bbox 2188 4098 2369 4147; x_wconf 77' lang='lat' dir='ltr'>ordinis</span> <span class='ocrx_word' id='word_1_294' title='bbox 2408 4105 2465 4149; x_wconf 87' lang='lat' dir='ltr'>ut</span> 
     </span>
     <span class='ocr_line' id='line_1_33' title="bbox 200 4181 2256 4247; baseline -0 -15"><span class='ocrx_word' id='word_1_295' title='bbox 200 4182 452 4232; x_wconf 80' lang='lat' dir='ltr'>decretum</span> <span class='ocrx_word' id='word_1_296' title='bbox 487 4182 550 4231; x_wconf 83' lang='lat' dir='ltr'>sit</span> <span class='ocrx_word' id='word_1_297' title='bbox 583 4185 766 4242; x_wconf 83' lang='lat' dir='ltr'>ratum,</span> <span class='ocrx_word' id='word_1_298' title='bbox 802 4183 928 4233; x_wconf 85' lang='lat' dir='ltr'>idem</span> <span class='ocrx_word' id='word_1_299' title='bbox 964 4182 1058 4232; x_wconf 88' lang='lat' dir='ltr'>hoc</span> <span class='ocrx_word' id='word_1_300' title='bbox 1092 4182 1198 4233; x_wconf 89' lang='lat' dir='ltr'>loco</span> <span class='ocrx_word' id='word_1_301' title='bbox 1234 4182 1392 4233; x_wconf 81' lang='lat' dir='ltr'>verbis</span> <span class='ocrx_word' id='word_1_302' title='bbox 1427 4184 1615 4242; x_wconf 84' lang='lat' dir='ltr'>„maior</span> <span class='ocrx_word' id='word_1_303' title='bbox 1648 4181 1794 4247; x_wconf 81' lang='lat' dir='ltr'>pars”</span> <span class='ocrx_word' id='word_1_304' title='bbox 1830 4182 2094 4231; x_wconf 81' lang='lat' dir='ltr'>indicatum</span> <span class='ocrx_word' id='word_1_305' title='bbox 2135 4197 2256 4231; x_wconf 81' lang='lat' dir='ltr'>esse.</span> 
     </span>
    </p>

    <p class='ocr_par' dir='ltr' id='par_1_12' title="bbox 201 4264 2472 4417">
     <span class='ocr_line' id='line_1_34' title="bbox 345 4264 2472 4333; baseline 0.002 -19"><span class='ocrx_word' id='word_1_306' title='bbox 345 4266 388 4331; x_wconf 73' lang='lat'>⁵)</span> <span class='ocrx_word' id='word_1_307' title='bbox 456 4264 564 4315; x_wconf 82' lang='lat' dir='ltr'>vid.</span> <span class='ocrx_word' id='word_1_308' title='bbox 599 4266 695 4331; x_wconf 89' lang='lat' dir='ltr'>leg.</span> <span class='ocrx_word' id='word_1_309' title='bbox 731 4268 762 4316; x_wconf 83' lang='lat'>2</span> <span class='ocrx_word' id='word_1_310' title='bbox 798 4267 857 4319; x_wconf 92' lang='lat' dir='ltr'>D.</span> <span class='ocrx_word' id='word_1_311' title='bbox 894 4268 953 4317; x_wconf 78' lang='lat' dir='ltr'>de</span> <span class='ocrx_word' id='word_1_312' title='bbox 986 4268 1148 4319; x_wconf 78' lang='lat' dir='ltr'>decret</span> <span class='ocrx_word' id='word_1_313' title='bbox 1179 4269 1238 4319; x_wconf 83' lang='lat' dir='ltr'>ab</span> <span class='ocrx_word' id='word_1_314' title='bbox 1271 4268 1384 4318; x_wconf 86' lang='lat' dir='ltr'>ord.</span> <span class='ocrx_word' id='word_1_315' title='bbox 1407 4269 1506 4333; x_wconf 89' lang='lat' dir='ltr'>fac</span> <span class='ocrx_word' id='word_1_316' title='bbox 1554 4266 1712 4329; x_wconf 79' lang='grc'>(50.9)</span> <span class='ocrx_word' id='word_1_317' title='bbox 1748 4268 1798 4315; x_wconf 86' lang='lat' dir='ltr'>et</span> <span class='ocrx_word' id='word_1_318' title='bbox 1833 4265 1925 4331; x_wconf 86' lang='lat' dir='ltr'>leg.</span> <span class='ocrx_word' id='word_1_319' title='bbox 1962 4266 2027 4315; x_wconf 80' lang='lat'>46</span> <span class='ocrx_word' id='word_1_320' title='bbox 2064 4265 2184 4316; x_wconf 85' lang='lat' dir='ltr'>Cod.</span> <span class='ocrx_word' id='word_1_321' title='bbox 2219 4268 2280 4317; x_wconf 82' lang='lat' dir='ltr'>de</span> <span class='ocrx_word' id='word_1_322' title='bbox 2301 4268 2472 4319; x_wconf 77' lang='lat' dir='ltr'>decur-</span> 
     </span>
     <span class='ocr_line' id='line_1_35' title="bbox 201 4350 658 4417; baseline 0.002 -16"><span class='ocrx_word' id='word_1_323' title='bbox 201 4355 253 4401; x_wconf 64' lang='grc' dir='ltr'>εἰ</span> <span class='ocrx_word' id='word_1_324' title='bbox 269 4351 354 4417; x_wconf 83' lang='lat' dir='ltr'>fil.</span> <span class='ocrx_word' id='word_1_325' title='bbox 392 4350 516 4414; x_wconf 87' lang='lat'><strong>(10,</strong></span> <span class='ocrx_word' id='word_1_326' title='bbox 557 4350 658 4414; x_wconf 78' lang='lat'>81).</span> 
     </span>
    </p>

    <p class='ocr_par' dir='ltr' id='par_1_13' title="bbox 347 4434 839 4501">
     <span class='ocr_line' id='line_1_36' title="bbox 347 4434 839 4501; baseline 0.008 -17"><span class='ocrx_word' id='word_1_327' title='bbox 347 4434 387 4498; x_wconf 81' lang='lat'>⁶)</span> <span class='ocrx_word' id='word_1_328' title='bbox 457 4436 517 4485; x_wconf 88' lang='lat' dir='ltr'>In</span> <span class='ocrx_word' id='word_1_329' title='bbox 553 4434 720 4501; x_wconf 81' lang='lat' dir='ltr'>Capite</span> <span class='ocrx_word' id='word_1_330' title='bbox 756 4438 839 4488; x_wconf 80' lang='lat'>68.</span> 
     </span>
    </p>
   </div>
  </div>
 </body>
</html>
