3027 5263
1570 562 1701 625 156

507 756 866 821 sacramenti
915 756 1204 821 differunt
1253 755 1501 841 praedes
1550 754 1675 817 litis
1722 760 1785 818 et
1833 754 2233 821 vindiciarum
2270 757 2333 841 ¹).
2390 754 2573 837 Quod
2616 779 2757 821 vero

508 881 830 947 discrimen
897 884 1172 969 quamvis
1245 883 1318 947 ab
1369 882 1653 947 omnibus
1702 882 2133 968 interpretibus
2185 889 2581 968 agnoscatur,
2637 883 2758 947 viri

509 1009 665 1075 doct.
701 1031 1021 1077 srm'rzmo
1046 1012 1102 1099 ²)
1155 1020 1356 1077 tamen
1409 1018 1470 1077 et
1516 1030 1774 1075 numan
1802 1010 1848 1095 ³)
1879 1010 2132 1096 probare
2167 1012 2365 1075 conati
2406 1017 2549 1076 sunt
2582 1034 2758 1097 prae-

508 1136 612 1201 des
676 1138 806 1203 litis
869 1148 930 1204 et
978 1139 1377 1205 vindiciarum
1426 1138 1873 1224 quodammodo
1921 1138 2288 1223 reipublicae
2339 1162 2458 1203 nou
2509 1139 2753 1225 privato

508 1264 656 1329 dari.
753 1266 930 1331 Prior
977 1268 1136 1332 enim
1187 1269 1274 1332 ita
1322 1267 1625 1352 disputat:
1678 1266 1802 1345 „In
1851 1266 1956 1330 der
2006 1266 2167 1331 That
2206 1268 2469 1331 namlioh
2510 1268 2761 1332 scheint

505 1393 605 1458 die
675 1394 1145 1483 Sicherstellung
1206 1398 1272 1461 in
1321 1396 1428 1460 der
1474 1395 1872 1459 Vindication
1922 1393 2201 1458 desshalb
2254 1394 2448 1459 durch
2496 1396 2757 1481 praedes

509 1523 636 1587 und
685 1524 863 1589 nicht
909 1524 1099 1589 durch
1150 1546 1464 1609 sponsores
1511 1522 1789 1609 geleistet
1838 1521 2078 1586 worden
2128 1544 2207 1585 zu
2254 1523 2424 1602 sein,
2479 1524 2613 1588 weil
2656 1525 2763 1589 ein

507 1672 660 1737 ganz
731 1651 940 1717 reelles
1008 1651 1306 1717 Interesse
1377 1651 1486 1716 des
1558 1651 1756 1715 Staats
1807 1649 2030 1735 vorlag.
2131 1650 2227 1713 Da
2276 1650 2383 1714 der
2429 1651 2601 1715 Staat
2652 1652 2764 1716 das

509 1780 784 1867 streitige
832 1778 1434 1867 Eigenthumsobject
1483 1780 1551 1844 in
1600 1779 1763 1845 seine
1799 1778 1982 1845 Hand
2015 1801 2375 1866 genommen
2413 1779 2542 1843 und
2575 1781 2765 1845 einen

507 1909 1041 1974 interimistischen
1092 1908 1358 1973 Zustand
1410 1908 1605 1972 durch
1656 1908 1819 1973 seine
1868 1909 2181 1971 Antoritat
2228 1907 2566 1993 geschaffen
2621 1909 2758 1985 hat,

507 2056 574 2099 so
648 2034 908 2100 versteht
976 2058 1038 2100 es
1113 2036 1245 2099 sich
1297 2059 1415 2100 von
1464 2034 1655 2099 selbst
1704 2035 1844 2099 dass
1894 2058 1956 2099 er
2008 2036 2184 2099 dafiir
2232 2033 2487 2099 haftet.’'
2590 2035 2762 2100 Haec

509 2163 841 2248 disputatio
891 2168 1094 2227 tamen
1147 2164 1339 2249 magis
1391 2163 1560 2227 dictu
1612 2163 1887 2249 speciosa
1921 2186 2101 2247 quam
2137 2186 2273 2226 vera
2307 2163 2581 2240 videtur3
2622 2184 2765 2227 vera

509 2292 672 2355 enim
721 2298 852 2355 tum
903 2291 1146 2355 demum
1209 2297 1362 2357 esset
1409 2291 1461 2355 si
1509 2290 1782 2376 periculo
1834 2290 2201 2376 reipublicae
2250 2291 2498 2375 praedes
2548 2291 2761 2355 daren-

509 2426 642 2498 tur,
719 2419 822 2483 sed
873 2419 1096 2484 dantur
1146 2420 1412 2505 periculo
1463 2419 1683 2504 privati
1734 2418 2052 2503 litigantis.
2154 2418 2343 2482 Modo
2393 2426 2595 2503 partes
2644 2420 2759 2483 rei-

509 2545 788 2633 publicae
839 2547 900 2611 in
954 2548 1065 2612 hac
1116 2570 1292 2611 causa
1341 2554 1519 2628 sunt,
1574 2568 1782 2611 curare
1831 2554 1900 2610 ut
1941 2544 2215 2610 alterutri
2258 2568 2331 2609 ex
2372 2545 2763 2631 litigantibus

509 2675 804 2760 possessio
854 2677 937 2740 rei
1001 2676 1300 2761 litigiosae
1349 2676 1653 2740 tribuatur
1702 2675 2069 2760 praedesque
2118 2674 2195 2738 ab
2246 2674 2361 2738 hoc
2412 2673 2751 2740 adversario

511 2801 752 2866 dentur.
853 2804 1130 2868 Mamm
1178 2803 1266 2868 l.l.
1319 2804 1635 2868 contendit
1681 2801 2116 2888 rempublicam
2168 2801 2285 2865 sibi
2335 2803 2450 2886 ipsi
2503 2803 2756 2887 praedes

511 2928 745 3014 exigere
793 2930 856 2993 in
904 2931 1170 2995 favorem
1223 2933 1350 2996 eius
1399 2954 1472 2994 ex
1521 2930 1912 3016 litigantibus
1961 2931 2067 3014 qui
2123 2953 2241 2994 non
2293 2931 2598 3014 possideat
2630 2953 2755 2994 rem

509 3054 832 3140 litigiosam
849 3084 867 3134 3
947 3058 1270 3123 admodum
1345 3066 1619 3122 contorta
1693 3058 1843 3121 mihi
1908 3058 2053 3122 haec
2125 3058 2455 3143 explicatio
2514 3058 2755 3122 videtur

514 3189 696 3266 atque
746 3185 940 3250 verbis
990 3207 1126 3249 Gau
1175 3187 1508 3262 contraria,
1560 3186 1667 3270 qui
1716 3186 1965 3270 praedes
1992 3185 2336 3248 adversario
2370 3185 2498 3248 dari
2537 3185 2759 3249 diserte

512 3311 769 3395 scripsit.
867 3311 1041 3377 Licet
1099 3315 1286 3399 igitur
1334 3315 1577 3379 illorum
1626 3315 2097 3400 disputationem
2148 3313 2401 3398 probare
2451 3336 2575 3378 non
2626 3337 2761 3399 pos-

513 3439 664 3515 sim,
731 3447 790 3502 et
849 3441 1212 3506 contendam
1277 3443 1342 3506 in
1409 3465 1587 3506 causa
1650 3465 1685 3504 a
1752 3463 1903 3506 ouo
1968 3440 2213 3504 laudata
2282 3440 2535 3525 privatis
2590 3463 2758 3525 prae·

513 3566 617 3630 des
665 3568 829 3646 dari,
880 3568 1060 3634 facile
1109 3576 1311 3634 tamen
1363 3571 1519 3634 hanc
1567 3592 1806 3634 causam
1855 3570 1941 3632 ita
1976 3569 2265 3653 explicari
2298 3590 2472 3653 posse
2507 3575 2658 3653 puto
2689 3577 2759 3633 ut

510 3695 677 3759 salva
741 3697 863 3759 sint
927 3719 1082 3781 quae
1145 3720 1324 3782 supra
1375 3697 1825 3762 contenderim:
1878 3695 2247 3781 reipublicae
2297 3703 2541 3760 tant-um
2592 3720 2761 3782 prae-

515 3821 694 3886 dibus
745 3825 953 3888 caveri.

657 3983 691 4041 1)
763 3983 881 4032 Vide
918 3997 1106 4041 osum,
1156 3985 1275 4032 [πεί.
1312 3983 1416 4032 Lib.
1454 3985 1511 4041 4,
1551 3983 1611 4032 de
1645 3983 1900 4047 praedibus
1938 3980 2224 4030 sacramenti
2260 3984 2283 4041 ς
2325 3982 2411 4040 13,
2460 3984 2507 4030 et
2542 3982 2602 4030 de
2624 3999 2763 4047 prae·

515 4067 654 4116 dibus
699 4067 797 4117 litis
841 4068 898 4133 et}
935 4068 1249 4117 vindiciarum
1300 4071 1322 4128 §
1378 4069 1470 4128 16,
1527 4069 1609 4118 94.
1663 4069 1723 4117 cf.
1777 4080 2010 4116 Runonrr
2047 4067 2180 4116 Rom.
2218 4067 2538 4130 Reohtsqesck.
2565 4067 2624 4115 de
2660 4067 2762 4117 his:

513 4153 649 4202 Tom.
687 4155 743 4214 2,
784 4171 831 4219 p.
870 4156 990 4212 129,
1031 4155 1088 4203 de
1124 4154 1246 4204 illis:
1283 4155 1417 4204 Tom.
1456 4155 1520 4212 2,
1556 4170 1603 4218 p.
1644 4151 1817 4212 77‚78.

654 4239 698 4299 2)
767 4239 825 4287 In
868 4241 1259 4290 commentatione
1295 4254 1414 4303 quae
1448 4238 1629 4288 inserta
1664 4243 1736 4288 est
1772 4238 1937 4286 Diario
1966 4236 2209 4286 Juridico:
2247 4235 2327 4284 die
2350 4235 2767 4301 Heidelberqiscke

516 4325 752 4374 Kritische
787 4325 1062 4390 Zeitrolartft
1080 4327 1182 4390 fzk'r
1212 4329 1462 4390 qesammte
1496 4323 1991 4387 Rechlswissensohaft
2028 4320 2139 4370 anni
2180 4321 2327 4369 1856.
2366 4335 2414 4384 p.
2452 4319 2569 4370 354.

655 4410 699 4476 3)
769 4411 826 4460 In
865 4409 1044 4475 Opere:
1086 4410 1436 4475 Sequertration
1473 4410 1575 4458 und
1609 4409 1778 4458 Art-ert
1813 4404 1874 4455 im
1913 4405 2190 4458 Rb'misclzen
2224 4405 2371 4457 Reoht
2393 4405 2587 4469 Leipzig
2618 4407 2767 4457 1856.

515 4515 562 4564 p.
602 4498 720 4550 141.
