3027 5263
1315 563 1444 627 171

251 760 629 825 Vetabantur
693 760 942 823 fortasse
1001 755 1327 843 praedes’',
1401 761 1470 821 ut
1519 732 1690 821 addit
1739 762 1989 835 auctor,
2055 754 2345 843 „praedia
2392 753 2499 820 illa

248 914 282 955 e
346 890 519 954 bonis
568 912 772 953 eornm
847 887 1164 973 designata
1223 886 1480 951 vendere
1544 885 1669 950 sive
1740 886 2135 951 servitutibus
2187 884 2497 950 onerare.'’

251 1018 722 1103 Sub-signatione
770 1017 962 1102 igitur
1007 1038 1126 1080 non
1179 1014 1571 1080 constituitur
1620 1037 1775 1079 nova
1827 1014 2116 1101 obligatio
2164 1037 2362 1100 neque
2397 1016 2499 1099 jus

246 1147 521 1233 pignoris
569 1168 766 1231 neque
793 1145 955 1209 aliud
991 1143 1320 1230 quidquam
1341 1168 1358 1220 ;
1417 1143 1523 1207 sed
1551 1142 1708 1236 bona
1736 1142 2000 1229 obligata
2026 1143 2322 1207 nonnulla
2348 1142 2497 1207 desi-

251 1282 522 1362 gnantur
569 1276 632 1339 in
682 1275 1066 1339 securitatem
1135 1273 1422 1339 maiorem
1489 1273 1801 1337 creditoris
1844 1274 1905 1358 ¹).
2002 1274 2219 1358 Itaque
2267 1294 2501 1357 semper

252 1404 504 1467 fortasse
563 1402 939 1487 subsignatio
990 1401 1371 1487 praediorum
1423 1406 1558 1464 tum
1628 1401 1829 1465 locum
1881 1400 2129 1478 habuit,
2183 1422 2321 1464 cum
2379 1422 2500 1463 ma·

249 1533 540 1617 gistratus
589 1530 662 1595 de
711 1529 830 1594 fide
879 1528 1226 1594 debitorum
1255 1528 1409 1593 'sive
1456 1528 1749 1614 praedum
1801 1526 2136 1593 dubitabat.

443 1659 508 1723 Si
559 1664 759 1723 autem
809 1658 968 1721 hanc
1015 1655 1092 1721 ob
1142 1678 1382 1720 causam
1431 1655 1807 1743 subsignatio
1857 1656 2241 1741 praediorum
2290 1677 2493 1721 revera

252 1788 635 1874 requirat-ur,
689 1785 1059 1872 explicatum
1088 1785 1216 1871 jam
1249 1791 1341 1849 est
1373 1785 1725 1879 institutum
1760 1785 2143 1870 cognitorum
2176 1785 2283 1868 qui
2316 1783 2497 1870 primi

250 1918 322 1981 in
385 1916 519 2002 lege
577 1914 946 1981 Malacitana
1015 1919 1423 1979 memorantur
1456 1913 1526 1997 ²).
1624 1912 1689 1977 Si
1753 1914 1916 1977 enim
1994 1911 2067 1975 de
2142 1911 2262 1976 fide
2310 1910 2502 1975 subsi-

252 2046 575 2130 gnantium
625 2043 1038 2119 dubitaretur,
1091 2065 1218 2106 non
1269 2042 1459 2127 magis
1506 2041 1722 2105 horum
1772 2040 2164 2105 declarationi
2213 2038 2287 2103 de
2322 2040 2497 2103 aesti-

253 2172 523 2237 matione
572 2171 952 2257 praediorum
1005 2170 1186 2234 fidem
1237 2170 1454 2234 habere
1516 2175 1751 2254 poterat
1800 2169 2183 2254 magistratus
2200 2194 2217 2247 ;
2272 2190 2389 2252 qua
2437 2188 2502 2232 re

253 2323 410 2387 opus
500 2309 624 2364 erat
713 2297 1023 2362 nonnullis
1091 2298 1232 2361 viris
1307 2298 1412 2382 qui
1486 2320 1596 2383 pro
1670 2296 2075 2361 declaratione
2147 2295 2501 2381 subsignan-

251 2429 336 2492 tis
386 2427 568 2491 fidem
618 2448 786 2490 suam
821 2426 1294 2511 interponerent.
1394 2425 1547 2489 Inde
1605 2424 1670 2489 hi
1722 2424 2102 2509 praediorum
2163 2424 2502 2509 cognitores

255 2554 664 2642 appellantur.
775 2557 984 2640 Aeque
1057 2576 1124 2617 ac
1195 2553 1443 2640 praedes
1460 2604 1478 2633 ,
1556 2553 1894 2638 cognitores
1972 2552 2255 2615 omnibus
2327 2550 2501 2615 bonis

253 2684 381 2748 suis
429 2682 796 2768 reipublicae
841 2688 1082 2762 cavent3
1135 2681 1537 2767 amplitudine
1573 2682 1761 2767 igitur
1796 2681 2177 2767 cognitorum
2212 2681 2502 2766 obligatio

253 2832 382 2874 non
455 2809 614 2874 cedit
678 2808 1035 2893 obligationi
1099 2809 1426 2894 praedum3
1501 2810 1569 2872 in
1636 2831 1706 2873 eo
1776 2815 1977 2873 tamen
2035 2809 2267 2884 differt,
2341 2807 2504 2893 quod

251 2961 393 3004 cum
446 2937 696 3023 praedes
745 2959 975 3022 semper
1024 2946 1159 3022 post
1209 2935 1645 3022 obligationem
1696 2937 2075 3002 commissam
2125 2937 2504 3001 exsecutioni

256 3065 506 3131 obnoxii
557 3065 926 3144 habeantur,
979 3065 1321 3151 cognitores
1369 3073 1502 3130 tum
1554 3065 1795 3130 demum
1847 3065 2039 3129 teneri
2072 3065 2420 3149 incipiunt,
2456 3064 2504 3127 si

401 3386 436 3448 ¹)
507 3385 871 3450 Quodammodo
917 3385 1112 3433 eandem
1154 3385 1210 3434 de
1246 3385 1604 3450 subsignatione
1641 3385 1785 3435 habet
1820 3386 2107 3436 sententiam
2144 3399 2416 3434 aseneum
2453 3387 2501 3435 in

251 3471 437 3536 Opere:
475 3470 678 3532 Psandr.
717 3487 761 3533 p.
790 3469 903 3519 223.
975 3469 1235 3518 Contendit
1270 3471 1396 3519 enim
1433 3471 1838 3534 subsignationem
1874 3471 2177 3535 praediorum
2215 3471 2501 3533 designatio·

255 3573 365 3606 nem
420 3572 546 3612 esse,
606 3571 713 3604 cum
767 3560 923 3604 autem
969 3557 1196 3620 ‘opinetur
1249 3557 1410 3605 omnia
1464 3557 1589 3605 bona
1636 3558 1864 3622 praedam
1904 3558 2004 3606 iure
2043 3558 2257 3622 pignoris
2294 3558 2505 3620 obligata

253 3657 380 3698 esse,
411 3657 516 3690 eam
542 3639 657 3688 dicit
682 3641 935 3703 specialem
971 3641 1346 3705 designationem
1374 3642 1677 3707 praediorum
1705 3643 2143 3706 oppigneratorum.
2172 3643 2243 3690 Cf.
2268 3655 2500 3691 nuscum:

251 3729 304 3776 in
342 3725 529 3775 Diario:
569 3725 806 3773 Kritisclze
837 3726 1126 3774 Jahrbiioher
1147 3728 1247 3787 fiir
1283 3728 1503 3775 deutsche
1528 3727 2024 3791 Recklswe'ssenscleaft
2047 3743 2133 3776 von
2162 3741 2380 3776 chflrun
2409 3729 2507 3776 und

249 3824 540 3861 sentiemus
579 3809 768 3874 Leipzig
807 3812 931 3858 1841
971 3811 1038 3869 X,
1077 3827 1123 3874 p.
1151 3812 1264 3861 605.
1304 3812 1590 3860 Audendum
1626 3816 1697 3860 est
1723 3813 1877 3861 virum
1903 3828 2032 3862 cons.
2061 3826 2259 3868 ainzu,
2287 3813 2501 3876 quamvis

249 3899 301 3946 in
345 3895 430 3957 Op.
465 3895 496 3943 l.
533 3911 578 3958 p.
618 3893 815 3944 78-81
853 3895 1136 3943 sententiam
1174 3912 1324 3964 meam
1362 3897 1673 3955 condemnet,
1712 3897 1843 3946 nulla
1879 3885 2157 3959 argumenta
2192 3901 2351 3946 tamen
2390 3913 2501 3962 pro·

254 3981 447 4036 tulisse,
485 3978 654 4042 quibus
692 3979 874 4027 nitatur
914 3980 994 4027 illa
1029 3980 1380 4032 condemnatio,

395 4063 436 4124 2)
503 4063 599 4111 Alii
655 4064 780 4112 enim
817 4067 927 4113 sunt
962 4065 1229 4127 cognitores
1267 4067 1346 4129 qui
1385 4067 1432 4114 in
1472 4066 1678 4131 Digestis
1716 4083 1758 4115 v.
1784 4083 1825 4130 g.
1866 4066 1917 4115 in
1955 4067 2045 4131 leg.
2088 4068 2112 4115 1
2152 4070 2174 4127 §
2212 4068 2257 4117 8.
2298 4083 2403 4132 sqq.
2440 4069 2499 4117 D.

253 4151 316 4200 de
345 4149 518 4210 poslul.
566 4149 702 4212 (3.1).
741 4153 788 4196 et
817 4149 908 4212 leg.
949 4149 973 4197 1
1018 4151 1073 4196 D.
1109 4151 1168 4198 de
1188 4151 1263 4198 his
1285 4151 1365 4214 qui
1399 4155 1494 4200 not.
1532 4151 1703 4214 insum.
1742 4151 1879 4211 (3.2.)
1913 4157 1960 4201 et
1995 4152 2086 4215 leg.
2114 4153 2169 4209 1,
2206 4153 2264 4201 D.
2290 4153 2348 4200 de
2369 4168 2501 4214 proc.

247 4235 414 4300 (3.3.)‚
440 4232 491 4280 in
523 4234 760 4282 Vaticanis
768 4235 1060 4298 fraymente‘s
1082 4234 1212 4293 (vide
1237 4237 1258 4296 §
1291 4233 1385 4286 317
1413 4241 1533 4300 sqq.)
1558 4241 1605 4284 et
1630 4237 1753 4300 apud
1783 4251 2013 4286 PAULUM:
2047 4238 2155 4286 Rea.
2183 4239 2307 4287 Sent.
2331 4237 2426 4286 Tit.
2454 4238 2501 4287 2.

249 4320 606 4376 memorantur-3
643 4318 816 4367 etenim
857 4318 906 4366 hi
943 4319 1212 4382 cognitores
1250 4319 1357 4369 lites
1393 4320 1589 4369 alterius
1625 4336 1783 4370 coram
1824 4321 1883 4369 ab
1920 4338 1975 4370 eo
2013 4321 2112 4370 dati
2151 4322 2501 4388 suscipiebant3

249 4404 360 4454 vide
396 4415 627 4451 samson.
665 4403 711 4450 in
749 4418 864 4451 voce
908 4403 1231 4466 „Cognitor'’;
1283 4405 1487 4455 addatur
1534 4421 1722 4470 quoque
1770 4419 1951 4460 ustus
1999 4407 2047 4458 in
2099 4407 2261 4458 eadem
2299 4423 2412 4458 voce
2448 4406 2498 4460 in

249 4491 439 4557 Opere:
476 4488 536 4538 de
581 4489 707 4538 Verb.
743 4490 872 4555 δέρη.
908 4489 982 4540 ed.
1018 4493 1246 4550 ulium,
1289 4508 1336 4561 p.
1375 4490 1456 4542 57.
