3027 5263
2371 567 2399 591 l

1293 621 1374 680 53

402 816 480 877 2Ο
528 812 704 900 quia,
781 816 1026 898 propter
1101 811 1317 876 ultima
1393 812 1605 888 verba,
1672 813 1852 878 initio
1922 814 2159 899 Capitis
2209 837 2451 902 quoquc

209 942 288 1007 de
336 940 786 1028 magistratibus
836 939 1110 1004 creandis
1161 946 1364 1004 actum
1416 962 1545 1004 esse
1594 945 1765 1025 put0.

401 1070 480 1132 30
526 1069 667 1153 quia
741 1068 807 1130 in
863 1071 1122 1150 utroque
1173 1067 1388 1152 Capite
1439 1068 1763 1152 sequenti,
1814 1068 2017 1152 quod,
2068 1091 2161 1132 me
2204 1069 2445 1154 judice,

204 1218 352 1260 cum
400 1193 610 1280 Capite
663 1195 747 1258 21
801 1193 1112 1270 cohaeret,
1163 1173 1354 1257 sermo
1407 1199 1494 1256 est
1544 1194 1618 1257 de
1670 1195 1915 1259 civitate
1966 1196 2407 1279 consequenda.

395 1319 534 1384 Jam
580 1319 728 1383 licet
777 1319 1138 1383 contendere
1187 1318 1390 1402 Caput
1444 1323 1526 1382 21
1579 1319 1737 1405 legis
1786 1320 1948 1406 Salp.
1984 1321 2277 1405 quaedam
2306 1345 2447 1388 con·

204 1447 407 1511 tinere
456 1447 530 1509 de
577 1443 995 1528 municipibus
1041 1443 1277 1508 Latinis
1320 1445 1426 1527 qui
1462 1446 1813 1530 magistratu
1848 1446 2113 1532 gerendo
2148 1448 2453 1512 civitatem

205 1576 556 1639 Romanam
606 1571 1046 1655 adipiscuntur.
1114 1571 1333 1655 Ipsum
1383 1571 1498 1634 hoc
1547 1595 1772 1638 novum
1822 1596 1947 1637 non
1980 1581 2072 1638 est
2089 1600 2108 1653 3
2152 1576 2253 1659 jus
2302 1575 2454 1640 illud

205 1703 380 1768 enim
431 1699 742 1785 proprium
789 1697 976 1762 fuisse
1022 1699 1259 1761 Latinis
1293 1698 1645 1763 civitatibus
1678 1709 1891 1764 notum
1927 1707 2053 1764 erat
2086 1702 2155 1787 ¹),
2190 1710 2457 1768 attamen

201 1830 280 1894 in
357 1827 573 1912 Capite
627 1829 707 1890 21
759 1826 1050 1911 placitum
1097 1825 1438 1902 invenitur,
1491 1827 1655 1911 quod
1703 1813 1768 1890 re
1818 1851 1953 1892 vera
2002 1851 2127 1893 non
2175 1832 2459 1896 convenit

206 1977 356 2020 cum
397 1928 531 2039 jure
578 1952 743 2016 Latii
784 1952 1028 2016 aliunde
1061 1951 1237 2016 nobis
1272 1952 1537 2038 cognito.
1590 1952 1743 2016 Cum
1780 1954 1937 2020 enim
1974 1978 2240 2040 semper,
2277 1958 2459 2021 etiam

206 2083 287 2146 in
343 2080 652 2145 notissimo
721 2079 830 2142 illo
895 2079 1032 2142 loco
1099 2098 1234 2142 Gan
1259 2079 1346 2164 ²),
1397 2086 1697 2162 quatenus
1748 2080 1926 2144 verba
1975 2081 2211 2167 integra
2260 2106 2465 2168 super-

207 2207 469 2292 sunt3),
536 2211 776 2270 tantum
825 2205 874 2268 ii
923 2205 1226 2269 civitatem
1279 2205 1569 2290 consequi
1620 2205 1901 2270 dicantur
1950 2208 2060 2290 qui
2110 2208 2231 2293 ipsi
2280 2210 2464 2294 magi·

208 2341 472 2400 stratum
521 2338 776 2419 gerunt,
826 2331 959 2417 lege
1010 2331 1378 2418 Salpensana
1427 2338 1702 2412 cavetur,
1728 2340 1823 2420 ut
1870 2357 1993 2398 non
2041 2334 2131 2398 illi
2180 2335 2326 2410 soli,
2360 2335 2463 2400 sed

212 2486 359 2528 cum
407 2460 760 2546 parentibus
826 2459 1183 2545 conjugibus
1251 2467 1311 2524 et
1374 2459 1580 2524 liberis
1647 2461 1753 2546 qui
1823 2462 1889 2525 in
1938 2469 2231 2547 potestate
2282 2470 2462 2544 sunt,

205 2592 363 2656 item
427 2587 753 2676 nepotibus
820 2593 881 2653 et
928 2586 1214 2673 neptibus
1262 2587 1387 2652 filio
1433 2588 1631 2667 natiS,
1682 2587 1790 2673 qui
1838 2610 1995 2673 quae
2046 2589 2110 2652 in
2161 2596 2459 2676 potestate

209 2725 397 2799 sunt,
450 2717 756 2781 civitatem
803 2717 1139 2781 Romanam
1189 2716 1547 2800 magistratu
1595 2716 1856 2801 gerendo
1906 2724 2381 2802 consequantur.

403 2844 633 2929 Negari
680 2843 899 2927 nequit
958 2842 1307 2908 testimonia
1371 2841 1500 2907 illa.
1526 2848 1587 2905 et
1634 2840 1787 2926 legis
1844 2841 2243 2927 Salpensanae
2291 2870 2461 2931 prae-

208 2980 395 3060 cepta
439 2995 502 3037 re
550 2995 688 3036 vera
738 2972 897 3035 int-er
945 2992 1010 3034 se
1058 2992 1362 3055 pugnare,
1413 2970 1463 3032 si
1518 2968 1724 3032 saltem
1786 2990 1940 3052 quae
1989 2970 2057 3032 in
2090 2969 2223 3055 lege
2258 2979 2462 3037 nostra

211 3106 548 3177 caventur,
612 3105 904 3185 tanquam
971 3099 1215 3162 effectus
1277 3098 1468 3183 ipsius
1534 3098 1689 3182 juris
1761 3096 1929 3160 Latii
1998 3107 2464 3181 recenseantur3

211 3227 392 3313 quod
440 3233 640 3291 tamen
688 3248 813 3289 non
860 3232 1010 3310 puto
1059 3224 1207 3289 fieri.
1307 3224 1480 3288 Num
1539 3224 1730 3310 igitur
1776 3222 2066 3309 placitum
2116 3225 2350 3311 Capitis
2380 3232 2463 3293 21

211 3354 528 3440 singulare
601 3354 752 3439 quid
826 3359 918 3417 est
981 3352 1414 3438 propriumque
1464 3351 1796 3436 municipio
1855 3352 2273 3437 Salpensano?
2354 3355 2469 3421 Est

211 3482 508 3561 omnin0,
561 3482 810 3566 opinor,
867 3487 932 3543 ut
979 3479 1246 3542 indicare
1294 3450 1504 3563 paucis
1558 3478 1839 3543 conabor.

412 3608 547 3673 Hoc
592 3608 727 3672 loco
775 3607 930 3671 mihi
979 3612 1340 3671 succurrunt
1389 3606 1587 3670 edicta
1636 3606 1741 3670 illa
1772 3626 2135 3670 vusPAsmm
2185 3612 2244 3671 et
2276 3626 2465 3671 DOMI-

210 3756 439 3814 TIANI,
488 3758 642 3820 quae
689 3758 868 3820 supra
901 3735 948 3820 4)
1001 3740 1160 3798 arcte
1209 3734 1526 3798 cohaerere
1575 3734 1705 3797 dixi
1745 3755 1881 3797 cum
1911 3739 2266 3817 argumento
2294 3733 2471 3819 Capi-

209 3866 308 3931 tis
363 3865 469 3926 21.
569 3862 754 3943 Quod
803 3884 943 3925 cum
991 3861 1078 3925 ita
1128 3862 1239 3940 sit,
1291 3866 1534 3925 tantum
1586 3860 1945 3945 profecimus
1988 3865 2058 3923 ut
2090 3865 2229 3944 apte
2278 3862 2475 3925 edicta

209 4011 486 4076 quorum
536 3989 604 4053 in
652 3987 852 4073 Capit.
885 3992 966 4052 22
1007 3994 1068 4051 et
1105 3990 1186 4051 23
1240 3988 1468 4051 mentio
1520 3992 1643 4063 est,
1696 3985 1982 4071 explicari
2016 3986 2289 4070 possint3
2328 4010 2473 4052 nam

209 4116 347 4181 nisi
411 4116 853 4200 conjungamus
919 4115 1113 4179 edicta
1178 4113 1280 4179 illa
1330 4136 1466 4177 cum
1518 4111 1731 4197 Capite
1786 4115 1866 4175 21
1920 4112 2103 4175 huius
2151 4111 2333 4197 legiS,
2387 4115 2478 4178 ni·

374 4358 410 4419 1)
483 4358 592 4409 vid.
628 4374 770 4423 supra
808 4359 935 4408 Dias.
972 4376 1020 4424 p.
1059 4360 1142 4409 34.
1180 4360 1241 4409 cf.
1276 4363 1378 4409 not.
1419 4360 1464 4407 2.
1743 4356 1780 4419 ²)
1854 4357 2067 4406 Institut.
2106 4356 2209 4406 Lib.
2245 4357 2297 4415 1,
2336 4360 2357 4417 §
2394 4358 2477 4410 96.

367 4444 408 4505 3)
477 4442 550 4491 De
585 4446 723 4507 parte
756 4443 840 4493 illa
878 4459 997 4507 quae
1033 4448 1104 4493 est
1139 4460 1308 4493 manca
1341 4442 1487 4509 paulo
1526 4445 1635 4507 post
1669 4442 1816 4491 verba
1852 4441 2036 4491 faciam.

361 4527 413 4591 4)
487 4527 596 4578 vid.
641 4528 769 4579 Dias.
808 4545 859 4593 p.
897 4530 978 4578 40.
1628 4527 1631 4529 ⁷
