3027 5263
1354 551 1436 611 85

270 761 513 805 summo
546 740 718 825 jure,
775 739 828 803 si
861 740 1128 826 regulam
1169 740 1326 825 juris
1371 741 1636 807 Romani
1670 742 2034 828 cogitemus:
2068 744 2237 822 „Par
2262 746 2523 830 majorve

268 872 536 952 potestas
583 866 721 951 plus
773 865 1008 932 valeto”
1042 868 1113 953 ¹),
1167 868 1426 934 efficitur
1497 868 1722 935 aediles
1792 878 1855 935 et
1928 882 2271 957 quaestores
2319 894 2521 957 neque

269 994 404 1079 pari
475 1016 672 1079 neque
736 994 958 1080 majore
1007 994 1113 1060 sed
1160 996 1394 1061 minore
1438 996 1665 1062 honore
1712 997 1952 1063 functos
2002 1020 2135 1063 esse
2190 1021 2374 1085 quam
2428 999 2521 1063 II·

271 1120 449 1185 viros·

459 1247 556 1311 Ex
602 1246 837 1333 legibus
884 1270 1008 1313 non
1055 1254 1223 1333 patet
1271 1254 1478 1315 utrum
1528 1249 1717 1335 major
1765 1249 1961 1315 honor
2012 1250 2291 1317 aedilitas
2334 1274 2520 1336 quam

270 1380 594 1459 quaestura
641 1374 850 1439 habita
881 1376 959 1437 sit
1005 1396 1226 1453 necne,
1277 1396 1478 1459 neque
1528 1397 1603 1439 ex
1645 1375 1861 1461 Capite
1912 1380 1999 1441 54
2034 1378 2183 1463 legis
2232 1378 2382 1443 Mal.
2418 1400 2519 1443 ne·

269 1523 392 1586 que
439 1523 515 1566 ex
565 1500 780 1586 Capite
832 1500 912 1564 27
968 1499 1122 1585 legis
1171 1500 1336 1585 Salp.
1375 1500 1533 1565 illud
1584 1502 1743 1567 effici
1775 1526 1947 1587 posse
1995 1504 2251 1569 videtur.
2304 1504 2517 1569 Solum

247 1630 392 1693 -hoc
441 1625 1078 1705 animadvertendum,
1129 1626 1362 1711 ubique
1410 1628 1475 1691 in
1534 1629 1945 1693 monumentis
1995 1630 2100 1693 ubi
2150 1631 2521 1716 conjunctim

266 1760 723 1832 memorentur,
773 1753 1060 1818 aedilium
1109 1754 1480 1819 mentionem
1529 1754 1660 1819 fieri
1716 1762 1856 1820 ante
1905 1764 2275 1841 quaestores.

461 1884 810 1966 Antequam
881 1880 957 1945 de
1003 1886 1304 1966 potestate
1354 1880 1586 1947 diversa
1635 1882 2099 1967 magistratuum
2150 1882 2327 1962 dico,
2386 1906 2523 1949 exa-

266 2010 630 2075 minandum
665 2014 754 2074 est
785 2007 1011 2092 quibus
1059 2007 1300 2073 licuerit
1348 2008 1607 2073 honores
1638 2030 1861 2094 gerere.
1914 2008 2057 2074 Non
2092 2032 2301 2074 omnes
2335 2010 2527 2075 Mala·

267 2160 377 2203 cae
426 2141 486 2201 et
539 2136 865 2221 Salpensae
911 2135 1266 2221 magistratu
1312 2134 1491 2219 fungi
1549 2142 1837 2220 possunt3
1889 2135 2321 2200 nonnullorum
2354 2136 2520 2202 IIvir

273 2265 386 2351 qui
435 2263 678 2328 comitia
728 2261 909 2326 habet
965 2260 1258 2326 rationem
1312 2259 1535 2326 habere
1566 2284 1691 2326 non
1741 2268 1960 2347 potest.
2060 2262 2277 2327 Prouti
2326 2269 2527 2326 autem

275 2391 496 2456 diversi
559 2398 705 2456 sunt
761 2390 1017 2454 honores
1031 2436 1052 2468 ,
1120 2388 1362 2452 diversa
1409 2410 1653 2473 quoque
1699 2388 2093 2473 requiruntur
2141 2388 2203 2453 in
2253 2390 2528 2473 personis

275 2540 487 2584 eorum
551 2518 660 2602 qui
734 2538 928 2581 uuum
978 2516 1310 2581 alterumve
1359 2516 1785 2601 magistratum
1833 2522 2045 2601 petant
2055 2540 2075 2593 ς
2125 2514 2527 2581 nihilominus

273 2645 558 2713 omnibus
604 2643 944 2711 candidatis
961 2692 980 2722 ,
1031 2666 1456 2730 quemcunque
1505 2645 1799 2710 honorem
1832 2651 2079 2730 petant,
2126 2651 2220 2710 est
2252 2643 2529 2710 conditio

275 2773 610 2840 necessaria
658 2778 728 2836 ut
776 2771 898 2836 siut
946 2771 1219 2856 ingenui.

466 2866 604 2965 Hoc
650 2898 944 2985 placitum
994 2897 1277 2962 convenit
1319 2918 1458 2961 cum
1509 2896 1649 2981 jure
1698 2901 1844 2960 noto
1858 2922 1878 2975 3
1940 2897 2041 2962 lex
2071 2896 2327 2960 Visellia
2360 2897 2521 2962 enim

276 3027 592 3094 libertinos
641 3025 880 3091 arcebat
926 3048 963 3090 a
1008 3025 1308 3110 petitione
1359 3024 1746 3109 magistratus
1779 3023 1855 3108 2).
1915 3022 2320 3109 Praeceptum
2369 3023 2525 3108 legis

277 3154 568 3221 Viselliae
632 3153 1080 3241 quodammodo
1128 3152 1263 3238 lege
1313 3152 1686 3216 Malacitana
1735 3151 2125 3238 restringitur
2174 3151 2252 3215 ad
2302 3159 2527 3218 certam

277 3285 531 3351 classem
577 3284 1017 3369 ingenuorum3
1067 3279 1202 3366 lego
1250 3281 1412 3345 enim
1461 3281 1529 3344 in
1580 3279 1795 3365 Capite
1847 3283 1972 3344 54:
2073 3279 2249 3360 „Qui
2282 3279 2528 3344 comitia

277 3411 497 3477 habere
569 3408 814 3475 debebit
881 3410 934 3472 is
983 3409 1247 3494 primum
1309 3407 1538 3471 IIviros
1612 3429 1686 3470 ex
1736 3429 1805 3471 eo
1854 3428 2073 3492 genere
2121 3407 2526 3491 ingenuorum

276 3539 598 3606 hominum
671 3537 745 3602 de
817 3558 940 3621 quo
1014 3536 1126 3599 hac
1197 3534 1333 3619 lege
1406 3537 1657 3597 cautum
1730 3532 2350 3617 comprehensumque
2400 3538 2531 3608 est,

281 3668 502 3734 deinde
550 3665 827 3754 proximo
877 3684 1121 3749 quoque
1168 3668 1438 3746 tempore
1488 3659 1743 3738 aediles,
1794 3659 1942 3722 item
1976 3664 2321 3742 quaestores
2352 3679 2426 3720 ex
2460 3679 2530 3722 eo

278 3817 498 3884 genere
568 3793 974 3879 ingenuorum
1048 3771 1362 3854 hominum
1429 3787 1505 3851 de
1555 3809 1677 3872 quo
1725 3785 1841 3849 hac
1890 3784 2022 3870 lege
2072 3789 2318 3847 cautum
2370 3805 2530 3848 com-

275 3925 767 4014 prehensumque
800 3925 891 3983 est
938 3916 1226 3982 creandos
1261 3912 1529 3980 curato.'’
1592 3913 1814 3997 Itaque
1855 3917 1980 3976 tam
2029 3933 2131 3977 eos
2164 3910 2270 3996 qui
2306 3911 2529 3975 IIvira-

276 4060 414 4118 tum
487 4073 671 4136 quam
741 4046 1114 4113 aedilitatem
1187 4045 1282 4110 vel
1357 4049 1747 4129 quaesturam
1819 4047 2097 4128 peterent
2160 4042 2225 4104 in
2273 4062 2528 4104 numero

426 4373 463 4432 ¹)
535 4373 652 4422 Vide
687 4382 1003 4427 crcEBoxEu,
1043 4369 1106 4418 de
1139 4369 1248 4432 Leq.
1285 4367 1393 4419 Lib.
1429 4367 1458 4416 3
1498 4366 1616 4429 Cap.
1654 4364 1684 4412 3
1724 4363 1865 4412 initio
1903 4367 1949 4411 et
1987 4365 2036 4410 4.

427 4458 466 4520 ²¹)
537 4457 654 4506 Vide
689 4456 784 4522 leg.
824 4455 1030 4505 unicam.
1070 4454 1181 4505 Cod.
1219 4453 1288 4502 ad
1317 4453 1462 4512 quem
1506 4449 1743 4499 Viselliam
1780 4448 1953 4509 (9.21).
