3027 5263
1233 552 1268 609 5

119 747 296 811 initia
369 747 638 833 capitum
709 745 1148 832 signabantur,
1223 743 1388 829 quod
1437 765 1579 808 cum
1650 742 2043 810 obsolevisset
2102 746 2377 814 solebant

123 895 337 939 vocem
405 874 720 939 Rubrioam
785 872 909 937 sive
978 873 1161 936 etiam
1226 871 1491 936 litteram
1543 872 1622 936 R.
1673 870 1761 936 ibi
1810 871 2121 938 collocare.
2204 875 2377 942 Veri-

124 1001 322 1066 simile
371 1008 496 1080 est‚
546 1000 971 1065 Domitianum
1020 1000 1196 1064 hasce
1243 999 1406 1085 leges
1445 999 1517 1062 in
1572 1021 1935 1085 pergamena
1990 1001 2197 1067 charta
2228 1003 2373 1068 scri-

141 1133 276 1212 ptas
348 1129 414 1192 in
485 1127 849 1213 Hispaniam
899 1127 1134 1191 misisse
1181 1126 1390 1211 ibique
1451 1147 1551 1190 eas
1599 1125 1664 1191 in
1714 1149 1848 1191 aere
1906 1127 2162 1192 caelatas
2211 1151 2372 1208 esse,

125 1279 324 1341 neque
392 1256 616 1321 mirum
681 1256 873 1320 videri
936 1260 1139 1340 potest
1187 1255 1515 1320 caelatores
1563 1277 1713 1340 quos
1758 1254 2119 1341 plerumque
2168 1279 2371 1323 servos

124 1383 311 1448 fuisse
359 1389 624 1464 constat,
682 1384 797 1448 hoc
841 1383 1088 1469 signum
1122 1384 1290 1468 quod
1322 1383 1387 1448 in
1437 1384 1867 1470 manuscriptis
1906 1384 2280 1451 invenissent
2313 1388 2378 1451 in

127 1533 228 1576 aes
275 1512 652 1576 transtulisse
679 1512 743 1597 ¹).
814 1511 1135 1575 Sufficient
1183 1511 1332 1576 haec
1371 1517 1440 1575 ut
1483 1512 1837 1590 ostendam,
1896 1513 2148 1598 opinor,
2198 1513 2384 1580 dubia

130 1660 288 1722 quae
360 1638 438 1702 cl.
490 1658 862 1702 LABOULAYE
936 1637 1216 1702 attulerit
1288 1660 1409 1702 non
1477 1660 1608 1703 esse
1656 1639 1813 1703 tanti
1860 1640 2150 1704 momenti
2200 1647 2268 1706 ut
2316 1641 2383 1706 in

131 1765 266 1829 eius
313 1764 676 1829 sententiam
725 1763 890 1829 abire
938 1786 1244 1849 cogamur.

319 1890 486 1954 Haec
526 1891 655 1974 jam
702 1891 929 1976 scripta
976 1895 1147 1954 erant
1180 1911 1372 1974 quum
1397 1891 1747 1976 nuperrime
1780 1891 2005 1957 accidit
2038 1892 2113 1958 cl.
2148 1915 2385 1961 LABou·

125 2037 288 2081 LAYE
336 2023 407 2080 ut
455 2017 750 2081 fautorem
828 2023 1010 2101 atque
1075 2023 1588 2103 propugnatorem
1638 2018 1974 2083 sententiae
2022 2042 2167 2086 suae
2215 2022 2381 2088 inve-

126 2145 308 2209 niret.
406 2144 651 2209 Etenim
724 2144 834 2208 Dr.
883 2163 1088 2208 AsHEn
1135 2144 1250 2208 hoc
1298 2144 1429 2228 ipso
1473 2166 1635 2208 anno
1684 2146 2256 2214 commentationem
2305 2150 2380 2215 de

126 2271 448 2336 authentia
519 2269 864 2334 tabularum
938 2270 1299 2356 conscripsit
1331 2270 1419 2354 ²),
1483 2291 1684 2355 neque
1732 2293 1863 2335 eam
1920 2278 2161 2338 tantum
2216 2297 2386 2361 pror-

129 2423 235 2466 sus
299 2400 542 2485 rejecit,
609 2421 820 2464 verum
885 2399 1102 2479 etiam,
1167 2404 1409 2484 tempus
1465 2399 1666 2484 ipsum
1730 2421 1852 2484 quo
1916 2400 2189 2466 confecta
2238 2413 2383 2470 sunt

124 2531 526 2592 monumenta
588 2525 880 2592 indicavit
943 2533 1004 2592 et
1066 2526 1424 2592 methodum
1493 2548 1677 2611 quam
1738 2525 1855 2591 sibi
1903 2531 2229 2616 sumpserit
2275 2532 2384 2596 fal·

126 2656 343 2721 sarius.

313 2782 494 2862 Quae
565 2780 785 2867 objecit
858 2789 1100 2862 tamen,
1153 2782 1429 2868 quamvis
1477 2804 1713 2846 summa
1760 2782 1985 2848 fiducia
2031 2785 2377 2871 proposita,

119 2911 273 2975 mihi
322 2931 452 2974 non
501 2915 961 2995 persuaserunt,
1010 2931 1208 2994 neque
1255 2914 1406 2995 puto
1455 2931 1526 2973 ea
1571 2909 1745 2974 facile
1802 2911 2090 2995 cuiquam
2138 2935 2382 2998 persua·

115 3060 274 3102 sura.
380 3036 646 3101 Necesse
709 3041 914 3099 tamen
985 3042 1073 3099 est
1139 3040 1209 3099 ut
1274 3056 1430 3119 quae
1497 3034 1830 3099 sententiae
1877 3058 2043 3102 meae
2091 3040 2382 3124 opposuit

118 3166 391 3230 refutare
439 3163 773 3250 aggrediar.

311 3294 554 3356 Auctor
601 3290 788 3355 nimis
839 3313 982 3357 sane
1031 3291 1286 3355 veritate
1337 3290 1646 3376 opinionis
1693 3312 1836 3357 suae
1870 3293 2133 3359 confisus
2178 3294 2264 3359 ita
2296 3296 2389 3361 in·

120 3420 303 3505 cipit:
360 3419 578 3497 „Pour
625 3424 841 3483 mettre
884 3418 946 3483 la
993 3416 1258 3484 faussete
1306 3418 1414 3482 des
1465 3418 1717 3483 bronzes
1752 3418 1827 3483 de
1859 3419 2105 3506 Malaga
2136 3420 2277 3485 hors
2309 3422 2385 3488 de

119 3547 345 3623 doute,
402 3544 450 3609 il
497 3545 663 3611 suffit
715 3544 1080 3610 d'examiner
1129 3546 1594 3611 attentivement
1641 3544 1731 3609 les
1780 3546 1936 3611 deux
1982 3547 2282 3633 chapitres
2308 3549 2383 3614 de

113 3673 172 3735 la
221 3672 423 3737 Table
471 3672 547 3737 de
597 3671 890 3758 Salpensa
938 3672 1046 3757 qui
1095 3672 1347 3737 traitent
1394 3672 1498 3737 des
1548 3672 1869 3736 affranchis
1918 3675 2027 3757 (23
2080 3679 2142 3737 et
2193 3674 2379 3759 28)”;

119 3799 406 3864 Sufficiet
455 3799 710 3864 fortasse
759 3799 992 3863 auctori
1008 3823 1028 3877 3
1099 3797 1252 3862 mihi
1298 3820 1420 3861 non
1471 3798 1661 3876 item3
1716 3797 1938 3862 etenim
1988 3798 2135 3864 haec
2183 3802 2383 3887 capita

122 3926 367 3991 etiamsi
425 3933 730 3992 constaret
778 3926 931 3991 falsa
979 3948 1107 3991 esse
1156 3925 1314 3990 nihil
1361 3932 1567 3990 tamen
1625 3924 1981 4012 derogarent
2030 3928 2382 3997 authentiae

261 4119 306 4181 ¹)
383 4119 456 4168 Cf.
510 4119 607 4170 vir.
641 4119 703 4168 cl.
756 4132 931 4167 Anum
976 4120 1026 4167 in
1075 4118 1489 4168 commentatione
1526 4134 1645 4183 quae
1680 4118 1858 4184 prodiit
1893 4119 1943 4167 in
1978 4119 2130 4169 diario
2164 4121 2380 4174 Juridico

127 4204 196 4253 cui
233 4219 455 4257 nomenz
492 4204 731 4254 Kritieche
776 4205 1061 4255 Ueberschau
1096 4205 1182 4255 der
1210 4205 1481 4257 Dent-when
1520 4205 1867 4272 Gesetzqebunq
1903 4206 2005 4255 und
2030 4206 2385 4257 Recktswieeen-

123 4289 316 4352 sebast,
358 4287 520 4348 1857,
557 4288 658 4347 lv,
692 4304 740 4354 p.
778 4288 891 4339 132.

261 4372 302 4434 2)
377 4372 571 4423 Prodiit
625 4374 674 4423 in
729 4373 918 4425 Diarioz
972 4375 1129 4425 Revue
1183 4374 1462 4440 Historique
1517 4376 1576 4425 de
1632 4375 1773 4426 Droit
1808 4376 2040 4439 Fraupaiae
2073 4381 2120 4425 et
2154 4358 2389 4443 Ε”ίναηῃεν

135 4472 252 4505 anno
295 4456 450 4509 1866.
