3027 5263
1634 614 1716 674 18

739 807 992 877 Gaudeo
1057 805 1165 872 ubi
1229 811 1400 872 tanta
1444 805 1525 868 sit
1588 803 1914 870 difficultas
1988 805 2053 868 in
2118 805 2441 870 statuendo
2484 807 2621 891 jure
2670 828 2803 892 quo

553 935 888 1021 municipia
935 933 1162 999 fuerint
1209 931 1481 1018 praedita
1532 931 1777 996 diversis
1813 929 2227 1017 temporibUS‚
2278 935 2436 996 certe
2486 932 2653 998 illam
2702 957 2798 998 ae-

552 1070 741 1129 tatem
767 1063 1010 1129 definiri
1040 1082 1219 1148 posse
1243 1082 1368 1146 quo
1399 1079 1636 1124 PAULUS
1668 1059 1735 1122 in
1767 1058 2119 1124 definitione
2150 1057 2395 1124 laudata
2419 1061 2799 1144 spectaverit.

740 1191 907 1254 Nam
969 1189 1098 1254 sine
1163 1185 1351 1252 dubio
1405 1207 1642 1251 paunus
1709 1185 1798 1250 ibi
1862 1185 2138 1272 loquitur
2201 1185 2276 1250 de
2341 1192 2609 1273 tempore
2657 1193 2803 1254 ante

553 1316 780 1383 bellum
824 1315 1122 1381 Latinum
1170 1314 1512 1379 confectum
1561 1316 1745 1400 (anno
1797 1313 1930 1376 838
1983 1335 2037 1376 a.
2090 1312 2235 1378 Chr.
2285 1314 2403 1397 n.);
2450 1320 2586 1379 tum
2634 1315 2801 1382 enim

552 1444 731 1510 urbes
794 1465 945 1530 quas
1007 1431 1306 1508 resensuit
1369 1441 1679 1507 civitatem
1742 1439 1992 1526 adeptas
2056 1463 2189 1506 esse
2244 1446 2485 1506 constat
2523 1442 2586 1527 ¹).
2641 1442 2801 1508 Cum

552 1571 664 1636 illo
711 1578 986 1656 tempore
1032 1571 1141 1647 iis,
1217 1569 1425 1656 paucis
1473 1568 1777 1653 exceptiS,
1828 1567 2040 1632 civitas
2088 1567 2217 1631 sine
2265 1567 2551 1653 suffragio
2602 1567 2802 1634 delata

555 1721 683 1764 esse
731 1722 766 1762 a
813 1719 987 1762 mvro
1034 1702 1348 1772 narretur,
1399 1694 1582 1759 verba
1629 1715 1787 1758 nvn
1835 1701 1899 1759 et
1944 1715 2133 1759 raum
2174 1695 2264 1759 ita
2311 1695 2691 1760 concilianda
2713 1697 2802 1762 vi-

555 1826 778 1892 dentur
849 1831 922 1888 ut
967 1823 1072 1888 hic
1123 1831 1386 1888 veterem
1431 1821 1683 1886 urbium
1730 1822 2141 1888 conditionem
2190 1822 2493 1888 describat
2548 1823 2801 1910 eiusque

554 1951 953 2018 mutationem
1021 1955 1159 2036 post
1222 1955 1456 2014 certum
1504 1953 1747 2034 tempus
1780 1949 1865 2034 2);
1914 1949 2017 2013 ille
2074 1971 2217 2014 vero
2266 1956 2505 2030 narret,
2557 1950 2805 2036 quando

553 2080 705 2145 haec
752 2078 1015 2144 mutatio
1061 2078 1224 2146 facta
1271 2076 1353 2142 sit
1400 2099 1679 2162 quaeque
1726 2075 1835 2141 illa
1880 2075 2087 2141 fuerit.

741 2203 1038 2286 Quaestio
1086 2205 1151 2268 in
1199 2208 1488 2289 promptu
1532 2175 1655 2279 ἐείῑ,
1684 2225 1835 2268 num
1869 2208 2005 2287 post
2031 2201 2263 2268 bellum
2287 2201 2584 2268 Latinum
2615 2204 2798 2269 etiam

555 2333 895 2418 municipia
969 2332 1206 2418 generis
1278 2330 1482 2409 illiue,
1547 2330 1713 2415 quod
1766 2349 2001 2394 Faunus
2058 2329 2171 2393 hac
2236 2329 2591 2396 definitione
2640 2353 2799 2397 com·

557 2461 980 2547 prehenderit,
1031 2460 1276 2524 fuerint.
1374 2457 1755 2522 Affirmando
1818 2457 2309 2543 respondendum
2378 2459 2650 2537 videtur;
2708 2460 2801 2526 uti

554 2587 720 2654 enim
763 2587 890 2673 jam
939 2592 1080 2652 ante
1128 2585 1359 2652 bellum
1391 2585 1691 2652 Latinum
1723 2583 1953 2649 fuerint
1986 2584 2160 2651 urbes
2193 2609 2347 2673 quae
2381 2587 2627 2653 civitate
2669 2593 2797 2655 ute·

554 2722 764 2781 rentur
798 2716 847 2800 3)
877 2764 896 2792 ,
971 2716 1058 2778 ita
1128 2719 1340 2800 postea
1412 2736 1655 2799 quoque
1721 2712 1950 2777 factum
2024 2736 2152 2778 esse
2203 2737 2437 2781 censeo·
2534 2715 2800 2781 Diversis

555 2840 933 2926 temporibus
1005 2863 1146 2904 sane
1197 2840 1427 2905 diversa
1474 2862 1717 2927 quoque
1765 2846 1908 2903 sunt
1954 2863 2174 2927 genera
2223 2842 2693 2929 municipiorum
2740 2849 2799 2907 et

560 2966 666 3031 illa
715 2989 937 3054 genera
987 2972 1136 3031 sunt
1181 2989 1292 3031 suo
1341 2967 1625 3053 quodque
1662 2974 1946 3053 ,tempore
1992 2968 2323 3054 praecipua
2369 2991 2568 3055 neque
2602 2975 2802 3035 tamen

557 3104 708 3181 puto
761 3119 829 3161 ea
879 3096 1006 3161 sola
1041 3096 1277 3182 aliaque
1312 3095 1434 3159 illis
1461 3095 1761 3159 aetatibus
1792 3082 1963 3159 nulla
1988 3096 2189 3160 fuisse.
2240 3096 2565 3181 Quidquid
2600 3104 2799 3161 autem

557 3223 632 3287 de
680 3223 794 3287 hac
841 3245 904 3285 re
953 3223 1346 3286 statuendum
1398 3227 1523 3298 est,
1577 3226 1851 3285 constare
1884 3222 2124 3287 videtur
2170 3228 2311 3307 post
2358 3223 2587 3289 bellum
2633 3224 2800 3289 Lati-

559 3372 707 3412 num
759 3348 968 3413 multis
996 3348 1349 3435 municipiis
1399 3349 1807 3433 antiquissimi
1856 3351 2092 3436 generis
2140 3351 2447 3415 civitatem
2503 3352 2633 3417 sine
2682 3353 2803 3417 suf·

559 3475 753 3561 fragio
801 3475 1006 3539 datam
1053 3497 1222 3553 esse,
1273 3476 1587 3541 nonnullis
1635 3476 1819 3541 etiam
1867 3476 2111 3563 plenam
2164 3477 2232 3564 4).

702 3754 736 3819 ¹)
807 3755 898 3803 Vid
947 3768 1136 3806 mviuu
1170 3753 1276 3805 Lib.
1314 3757 1344 3805 8
1383 3756 1500 3821 Cap.
1542 3758 1619 3807 14.
1657 3758 1925 3805 Acerranos
1961 3757 2203 3805 civitatem
2238 3755 2439 3820 denique
2474 3758 2673 3823 adeptos
2702 3772 2804 3805 esse

553 3840 738 3903 aliquot
771 3838 908 3889 aunis
943 3843 1051 3905 post
1086 3845 1268 3889 ceteras
1300 3840 1446 3889 urbes
1481 3856 1539 3889 ex
1576 3841 1741 3905 Capite
1779 3840 1840 3892 17
1878 3843 2089 3906 apparet.

697 3924 738 3982 ²)
805 3923 948 3987 Quod
985 3923 1260 3974 continetur
1294 3924 1476 3974 verbis:
1513 3926 1626 3988 „qui
1664 3929 1772 3988 post
1808 3924 1991 3989 aliquot
2027 3940 2175 3973 annos
2213 3924 2338 3973 cives
2373 3925 2486 3973 facti
2524 3926 2689 3975 sunt.'’

695 4008 735 4068 ³)
806 4008 1070 4057 Tusculum
1105 4024 1151 4059 v.
1185 4025 1231 4073 g.
1302 4010 1509 4067 hune,
1550 4010 1656 4058 lib.
1692 4009 1739 4057 6.
1776 4010 1892 4074 Cap.
1931 3996 2019 4059 261
2046 4009 2150 4057 Lib.
2190 4012 2238 4059 8.
2277 4009 2389 4073 Cap.
2432 4011 2496 4058 14
2532 4009 2613 4057 ubi
2650 4010 2807 4074 scrip·

556 4095 659 4142 tum
695 4093 962 4143 inveniturx
994 4092 1278 4142 Tusculanis
1313 4097 1500 4143 servata
1538 4098 1610 4143 est
1645 4093 1812 4143 civitas
1854 4110 1995 4157 quam
2031 4094 2285 4143 habebant.
2356 4094 2475 4143 Inde
2512 4098 2669 4143 tamen
2708 4112 2807 4145 non

556 4178 770 4241 sequitur
815 4191 1026 4225 PAULUM
1071 4193 1230 4227 errare
1269 4177 1352 4226 ubi
1387 4177 1671 4226 Tusculanis
1706 4179 1752 4225 iu
1792 4180 1945 4241 prima
1981 4179 2253 4227 definitione
2295 4179 2535 4228 civitatem
2573 4180 2806 4242 abuegat3

555 4276 668 4311 nam
720 4261 887 4327 procul
940 4260 1086 4311 dubio
1134 4261 1192 4310 de
1246 4265 1460 4326 tempore
1513 4262 1679 4311 scribit
1714 4262 1841 4325 quod
1894 4263 2145 4312 antecessit
2181 4264 2423 4312 civitatem
2461 4281 2487 4311 a
2521 4264 2808 4313 Tusculanis

557 4348 816 4410 acceptam.

695 4429 736 4493 ¹¹)
808 4429 963 4495 Quam
1012 4428 1426 4479 vehementissime
1476 4428 1569 4479 hoc
1606 4430 1797 4493 negavit
1834 4444 1993 4479 Parsa
2031 4430 2077 4478 in
2120 4432 2508 4479 Commentatione
2542 4432 2575 4479 l.
2600 4447 2647 4495 p.
2688 4432 2811 4484 202.

560 4514 621 4567 ef.
657 4531 702 4581 p.
742 4514 864 4573 223,
906 4515 1004 4563 224
1050 4530 1125 4564 me
1173 4513 1332 4577 judice
1385 4518 1545 4565 tamen
1600 4530 1694 4565 non
1732 4515 1845 4566 satis
1880 4515 2029 4565 firmis
2065 4517 2371 4574 argumentis.
2441 4513 2585 4579 Apud
2620 4528 2809 4565 mvruar
