3027 5263
1318 604 1402 662 99

223 800 450 865 citione
498 796 670 861 nulla
717 800 811 859 est
849 794 912 875 ¹).
964 794 1297 879 Imperium
1345 796 1470 859 sive
1520 795 1563 859 J
1566 795 1881 862 urisdictio
1929 799 2261 865 criminalis
2315 825 2483 888 prae·

222 928 350 992 nidi
395 924 739 1011 provinciae
788 922 882 985 vel
929 922 1272 1006 proconsuli
1325 927 1451 986 erat
1499 923 1789 987 mandata
1823 925 1897 1007 2).

413 1051 910 1116 Jurisdictionem
974 1070 1158 1131 quam
1205 1049 1390 1113 IIviri
1441 1056 1718 1113 exercent.
1768 1051 2086 1114 constituit
2133 1058 2259 1117 tam
2302 1054 2481 1137 juris-

221 1181 412 1245 dictio
461 1178 799 1242 voluntaria
847 1199 1028 1260 quam
1080 1176 1471 1241 contentiosa.
1540 1177 1873 1261 Utramque
1923 1178 2195 1244 Malacae
2242 1185 2305 1244 et
2350 1180 2476 1244 Sal-

219 1330 446 1393 pensae
493 1306 568 1369 iis
615 1305 750 1389 lege
799 1303 1158 1387 municipali
1208 1303 1410 1367 datam
1457 1303 1646 1367 fuisse
1693 1305 1978 1368 novimus
2013 1304 2081 1387 ³).

411 1431 848 1496 Jurisdictione
923 1430 1260 1493 voluntaria
1330 1430 1494 1494 IIvir
1564 1430 1801 1507 utitur,
1874 1454 2014 1495 cum
2087 1440 2287 1516 partes
2334 1455 2473 1498 suas

223 1559 560 1644 interponit
608 1558 768 1620 inter
815 1557 1294 1635 consentientes;
1351 1578 1461 1621 usu
1515 1557 1682 1620 venit
1732 1557 1797 1619 in
1837 1578 2021 1621 causa
2054 1558 2471 1623 manumissio-

216 1687 357 1765 niS,
433 1682 926 1767 emancipationis
993 1688 1052 1745 et
1117 1682 1503 1766 adoptionis3
1580 1688 1846 1747 attamen
1896 1682 2026 1766 ipso
2068 1684 2204 1767 jure
2254 1684 2471 1751 IIviris

212 1810 692 1895 municipalibus
764 1831 888 1873 non
953 1808 1276 1891 competit,
1327 1808 1432 1871 sed
1481 1808 1906 1873 tantummodo
1954 1832 2091 1873 cum
2143 1810 2312 1895 apud
2368 1834 2469 1875 eos

212 1946 316 2004 est
384 1938 538 2022 legis
625 1936 784 1999 actio
817 1936 888 2019 4).
979 1934 1138 1999 Cum
1211 1958 1351 1999 vero
1425 1936 1490 1999 iu
1544 1936 1763 2020 Capite
1815 1939 1899 1999 28
1949 1936 2105 2021 legis
2152 1936 2473 2022 Salpensa-

211 2088 333 2131 nae
395 2064 594 2130 IIviro
645 2064 746 2148 jus
811 2062 1284 2126 manumittendi
1333 2062 1548 2138 detur,
1600 2064 1873 2147 quaestio
1922 2064 1989 2127 in
2038 2072 2327 2149 promptu
2374 2071 2468 2129 est

215 2216 373 2259 num
439 2192 494 2256 ei
545 2212 824 2255 concessa
872 2190 1053 2252 fuerit
1101 2189 1249 2273 legis
1299 2189 1499 2253 actio?
1580 2190 1937 2253 Tenendum
1987 2196 2075 2253 est
2122 2190 2471 2255 testimonia

209 2325 488 2383 veterum
559 2339 714 2400 quae
803 2315 1057 2379 doceant
1129 2315 1290 2399 apud
1371 2316 1763 2400 magistratus
1844 2315 2277 2400 municipaleS,
2349 2316 2468 2380 nisi

207 2444 484 2509 habeant
557 2444 704 2527 legis
777 2443 1116 2517 actionem,
1195 2442 1547 2505 manumitti
1596 2464 1719 2506 non
1771 2463 1981 2526 posse,
2048 2443 2339 2527 respicere
2388 2441 2465 2507 ad

205 2571 376 2637 cives
422 2570 759 2644 Romanoa,
811 2567 919 2652 qui
969 2567 1389 2630 manumittere
1437 2590 1566 2629 non
1614 2573 1869 2654 possunt
1919 2567 2032 2631 nisi
2082 2567 2245 2652 apud
2280 2570 2467 2656 magi·

206 2703 475 2762 stratum
522 2697 902 2770 Romanum3
954 2695 1116 2778 apud
1169 2694 1601 2778 municipalem
1652 2717 1791 2758 vero
1840 2695 1959 2760 civi
2007 2695 2286 2760 Romano
2328 2703 2463 2760 tum

207 2825 465 2888 demum
535 2822 680 2886 licet
751 2822 1213 2898 manumittere,
1284 2821 1334 2884 si
1385 2821 1547 2905 apud
1598 2844 1737 2886 eum
1786 2823 2143 2906 permissum
2192 2828 2283 2886 est
2329 2822 2465 2908 lege

201 2972 386 3035 agere
417 2951 483 3034 ⁵).
551 2949 791 3012 Latinis
840 2955 1077 3024 autem,
1131 2948 1208 3012 de
1254 2947 1478 3032 quibus
1530 2948 1595 3011 in
1644 2948 1760 3012 hoc
1793 2947 2007 3032 Capite
2038 2970 2231 3014 sermo
2266 2955 2357 3012 est
2384 2948 2458 3032 ⁶),

350 3235 387 3298 ¹)
456 3235 574 3284 Vide
608 3235 700 3298 leg.
739 3235 766 3282 5
805 3237 827 3295 5
867 3237 890 3284 1
929 3235 989 3283 D.
1025 3234 1084 3283 de
1119 3233 1368 3298 offic.ejus
1402 3234 1583 3294 (1.21),
1624 3233 1717 3299 leg.
1738 3235 1766 3282 2
1793 3237 1840 3283 et
1878 3233 1941 3282 12
1966 3233 2025 3283 D.
2052 3235 2112 3282 de
2120 3234 2460 3297 jurisdictione

197 3322 388 3461 (2103)
461 3401 577 3449 Vide
615 3401 704 3464 leg.
751 3401 780 3448 6
820 3416 893 3463 pr·
933 3397 960 3450 7
999 3402 1021 3460 5
1058 3401 1088 3449 2
1125 3405 1148 3462 ς
1185 3403 1214 3450 g
1251 3402 1310 3476 D
1351 3402 1410 3450 de
1444 3403 1527 3464 Qffi
1551 3416 1769 3464 procons.
1808 3402 1980 3464 (1.16).
2016 3402 2107 3466 leg.
2134 3404 2181 3451 4.
2226 3404 2255 3452 6
2295 3405 2391 3463 §8-
2416 3409 2467 3453 et

200 3490 276 3538 10
311 3487 370 3536 de
404 3487 484 3548 qff.
519 3500 681 3547 prae-5.
716 3485 892 3545 (1.18).

345 3571 384 3631 3)
456 3570 572 3618 Vide
609 3570 725 3632 Cap.
764 3571 826 3617 28
862 3569 978 3632 que'a
1010 3569 1139 3631 Salp.
1177 3569 1297 3634 Cap.
1334 3569 1406 3622 69,
1432 3569 1549 3634 quis
1586 3571 1711 3620 Mal.
1747 3570 1806 3619 ef.
1842 3585 2027 3633 quoque
2064 3569 2179 3634 Cap.
2206 3570 2291 3620 66.
2316 3570 2459 3620 huius

201 3657 349 3721 legis.

344 3737 388 3800 4)
457 3737 578 3786 Vide
606 3749 756 3786 raum
793 3737 920 3786 Sent.
958 3736 1023 3786 11.
1065 3737 1206 3796 25.4‚
1247 3738 1338 3800 leg.
1375 3739 1426 3787 3.
1462 3737 1523 3786 D.
1560 3739 1620 3787 de
1654 3740 1736 3802 off.
1768 3753 1989 3802 procoas,
2024 3739 2195 3801 (1.16).
2221 3742 2267 3787 et
2292 3738 2386 3802 leg.
2412 3743 2461 3788 4.

197 3826 269 3875 D.
301 3824 362 3872 de
396 3822 724 3884 adoptionibus
759 3823 899 3882 (1.6).

343 3907 383 3968 ⁵)
455 3907 612 3954 Verbo
646 3906 917 3954 addendum
956 3905 1142 3955 videtur
1190 3906 1303 3969 quid
1339 3907 1402 3956 sit
1438 3906 1555 3968 legis
1592 3906 1735 3956 actio.
1784 3907 1944 3970 Quum
1980 3907 2029 3954 in
2062 3907 2172 3971 jure
2196 3909 2322 3974 apud
2358 3911 2455 3958 Ro-

195 4007 372 4042 manos
409 3993 653 4055 agebatur,
697 3990 1047 4039 adhibebantur
1087 3991 1320 4040 solemnes
1357 3993 1589 4054 quaedam
1632 3992 1864 4040 formulae
1906 4009 1934 4040 a
1981 3995 2198 4058 partibus
2234 3995 2361 4042 inter
2398 4010 2449 4043 se

197 4080 256 4126 et:
299 4091 328 4124 a
379 4077 661 4138 magistratu
715 4076 1053 4137 interpositae,
1103 4076 1273 4138 quibus
1327 4075 1619 4124 accedebant
1667 4082 1805 4124 actus
1841 4077 2098 4133 solemnes,
2141 4093 2263 4141 quae
2298 4079 2460 4126 omnia

194 4161 388 4210 diversa
437 4164 573 4206 erant
625 4175 712 4223 pro
772 4159 958 4207 diversa
1011 4160 1195 4206 ratione
1249 4175 1342 4221 qna
1397 4161 1660 4222 agebatur3
1722 4177 1840 4224 quae
1904 4177 2013 4210 cum
2069 4163 2227 4210 omnia
2274 4161 2461 4224 legibus

195 4245 492 4312 praescripta
545 4249 726 4301 essent,
782 4243 899 4305 legis
936 4244 1147 4292 actiones
1185 4244 1500 4303 vocabantur;
1541 4246 1645 4294 vide
1683 4259 1846 4294 aarum
1886 4247 2006 4294 Inst.
2051 4246 2156 4295 Lib.
2199 4249 2230 4294 4
2265 4248 2287 4306 §
2329 4247 2460 4294 10-

194 4333 278 4382 31.
354 4329 574 4378 Conferri
627 4333 836 4376 meretur
891 4342 934 4378 r.
981 4342 1032 4377 L.
1087 4342 1188 4377 voN
1240 4343 1438 4379 Kanna
1476 4331 1527 4379 in
1566 4332 1750 4395 Opere:
1812 4333 1916 4380 Das
1952 4332 2200 4380 Rbmische
2240 4332 2469 4393 Civilpro-

191 4432 309 4466 cess.
348 4412 570 4476 Leipzig,
614 4413 771 4468 1855,
811 4413 890 4475 qui
932 4429 980 4476 p.
1019 4415 1238 4464 55-85.
1279 4418 1362 4478 Op.
1401 4416 1434 4464 l.
1471 4417 1576 4464 fuse
1614 4416 1672 4465 de
1709 4416 1827 4478 legis
1863 4416 2132 4464 actionibus
2170 4416 2414 4464 disseruit.

336 4498 376 4558 ⁶)
447 4496 524 4544 Ita
564 4497 794 4561 scriptum
831 4501 902 4548 est
937 4497 985 4548 in
1023 4499 1153 4563 lege:
1191 4499 1274 4558 „si
1310 4501 1415 4564 quia
1452 4500 1695 4564 municeps
1730 4500 1979 4564 municipii
1999 4500 2157 4550 Flavii
2180 4497 2464 4564 Salpensani

2098 4595 2181 4658 74(-
