<?xml version="1.0" encoding="UTF-8"?>
<!DOCTYPE html PUBLIC "-//W3C//DTD XHTML 1.0 Transitional//EN"
    "http://www.w3.org/TR/xhtml1/DTD/xhtml1-transitional.dtd">
<html xmlns="http://www.w3.org/1999/xhtml" xml:lang="en" lang="en">
 <head>
  <title>
</title>
<meta http-equiv="Content-Type" content="text/html;charset=utf-8" />
  <meta name='ocr-system' content='tesseract 3.04.00' />
  <meta name='ocr-capabilities' content='ocr_page ocr_carea ocr_par ocr_line ocrx_word'/>
</head>
<body>
  <div class='ocr_page' id='page_1' title='image "./disquisitiodeae00swingoog_0047.png"; bbox 0 0 3027 5263; ppageno 0'>
   <div class='ocr_carea' id='block_1_1' title="bbox 1298 625 1382 686">
    <p class='ocr_par' dir='ltr' id='par_1_1' title="bbox 1298 625 1382 686">
     <span class='ocr_line' id='line_1_1' title="bbox 1298 625 1382 686; baseline 0 0"><span class='ocrx_word' id='word_1_1' title='bbox 1298 625 1382 686; x_wconf 78' lang='lat'><strong>29</strong></span> 
     </span>
    </p>
   </div>
   <div class='ocr_carea' id='block_1_2' title="bbox 207 815 2466 3063">
    <p class='ocr_par' dir='ltr' id='par_1_2' title="bbox 211 815 2462 1157">
     <span class='ocr_line' id='line_1_2' title="bbox 215 815 2459 905; baseline 0.001 -21"><span class='ocrx_word' id='word_1_2' title='bbox 215 820 338 884; x_wconf 91' lang='lat' dir='ltr'><strong>tica</strong></span> <span class='ocrx_word' id='word_1_3' title='bbox 377 820 440 905; x_wconf 91' lang='lat'><strong>¹).</strong></span> <span class='ocrx_word' id='word_1_4' title='bbox 541 819 707 884; x_wconf 92' lang='lat' dir='ltr'><strong>Haec</strong></span> <span class='ocrx_word' id='word_1_5' title='bbox 753 817 1068 904; x_wconf 88' lang='lat' dir='ltr'><strong>provincia</strong></span> <span class='ocrx_word' id='word_1_6' title='bbox 1115 817 1350 882; x_wconf 88' lang='lat' dir='ltr'><strong>ratione</strong></span> <span class='ocrx_word' id='word_1_7' title='bbox 1399 815 1612 882; x_wconf 89' lang='lat' dir='ltr'><strong>habita</strong></span> <span class='ocrx_word' id='word_1_8' title='bbox 1666 816 2104 902; x_wconf 88' lang='lat' dir='ltr'><strong>jurisdictionis</strong></span> <span class='ocrx_word' id='word_1_9' title='bbox 2152 819 2459 887; x_wconf 86' lang='lat' dir='ltr'><strong>divideba-</strong></span> 
     </span>
     <span class='ocr_line' id='line_1_3' title="bbox 212 944 2462 1032; baseline 0.001 -22"><span class='ocrx_word' id='word_1_10' title='bbox 212 953 318 1011; x_wconf 86' lang='lat' dir='ltr'><strong>tur</strong></span> <span class='ocrx_word' id='word_1_11' title='bbox 388 946 452 1010; x_wconf 89' lang='lat' dir='ltr'><strong>in</strong></span> <span class='ocrx_word' id='word_1_12' title='bbox 525 953 790 1030; x_wconf 89' lang='lat' dir='ltr'><strong>quatuor</strong></span> <span class='ocrx_word' id='word_1_13' title='bbox 837 950 1171 1010; x_wconf 87' lang='lat' dir='ltr'><strong>conventus</strong></span> <span class='ocrx_word' id='word_1_14' title='bbox 1203 945 1254 1030; x_wconf 72' lang='grc'><strong>2)</strong></span> <span class='ocrx_word' id='word_1_15' title='bbox 1330 944 1674 1031; x_wconf 88' lang='lat' dir='ltr'><strong>multasque</strong></span> <span class='ocrx_word' id='word_1_16' title='bbox 1725 945 1907 1010; x_wconf 88' lang='lat' dir='ltr'><strong>urbes</strong></span> <span class='ocrx_word' id='word_1_17' title='bbox 1956 947 2273 1032; x_wconf 86' lang='lat' dir='ltr'><strong>opulentas</strong></span> <span class='ocrx_word' id='word_1_18' title='bbox 2322 969 2462 1014; x_wconf 90' lang='lat' dir='ltr'><strong>con·</strong></span> 
     </span>
     <span class='ocr_line' id='line_1_4' title="bbox 211 1070 2347 1157; baseline 0 -20"><span class='ocrx_word' id='word_1_19' title='bbox 211 1072 484 1152; x_wconf 58' lang='lat' dir='ltr'><strong>tinebat„</strong></span> <span class='ocrx_word' id='word_1_20' title='bbox 535 1072 698 1136; x_wconf 86' lang='lat' dir='ltr'><strong>inter</strong></span> <span class='ocrx_word' id='word_1_21' title='bbox 745 1093 893 1157; x_wconf 89' lang='lat' dir='ltr'><strong>quas</strong></span> <span class='ocrx_word' id='word_1_22' title='bbox 943 1093 980 1136; x_wconf 87' lang='lat' dir='ltr'><strong>a</strong></span> <span class='ocrx_word' id='word_1_23' title='bbox 1030 1070 1334 1135; x_wconf 83' lang='lat' dir='ltr'><strong>veteribus</strong></span> <span class='ocrx_word' id='word_1_24' title='bbox 1381 1071 1623 1135; x_wconf 85' lang='lat' dir='ltr'>Malaca</span> <span class='ocrx_word' id='word_1_25' title='bbox 1670 1093 1913 1156; x_wconf 88' lang='lat' dir='ltr'><strong>quoque</strong></span> <span class='ocrx_word' id='word_1_26' title='bbox 1960 1081 2347 1138; x_wconf 88' lang='lat' dir='ltr'><strong>memoratur.</strong></span> 
     </span>
    </p>

    <p class='ocr_par' dir='ltr' id='par_1_3' title="bbox 211 1197 2465 1792">
     <span class='ocr_line' id='line_1_5' title="bbox 403 1197 2461 1285; baseline 0 -21"><span class='ocrx_word' id='word_1_27' title='bbox 403 1199 678 1278; x_wconf 86' lang='lat' dir='ltr'><strong>Malaca,</strong></span> <span class='ocrx_word' id='word_1_28' title='bbox 753 1199 932 1264; x_wconf 88' lang='lat' dir='ltr'><strong>hodie</strong></span> <span class='ocrx_word' id='word_1_29' title='bbox 996 1199 1282 1285; x_wconf 87' lang='lat' dir='ltr'><strong>Malaga‚</strong></span> <span class='ocrx_word' id='word_1_30' title='bbox 1343 1205 1470 1263; x_wconf 89' lang='lat' dir='ltr'><strong>erat</strong></span> <span class='ocrx_word' id='word_1_31' title='bbox 1518 1197 1754 1262; x_wconf 90' lang='lat' dir='ltr'><strong>colonia</strong></span> <span class='ocrx_word' id='word_1_32' title='bbox 1802 1199 2071 1276; x_wconf 89' lang='lat' dir='ltr'><strong>Punica,</strong></span> <span class='ocrx_word' id='word_1_33' title='bbox 2135 1221 2289 1285; x_wconf 88' lang='lat' dir='ltr'><strong>quae</strong></span> <span class='ocrx_word' id='word_1_34' title='bbox 2332 1200 2461 1285; x_wconf 89' lang='lat' dir='ltr'><strong>jam</strong></span> 
     </span>
     <span class='ocr_line' id='line_1_6' title="bbox 212 1325 2463 1413; baseline -0.001 -22"><span class='ocrx_word' id='word_1_35' title='bbox 212 1334 489 1413; x_wconf 83' lang='lat' dir='ltr'><strong>tempore</strong></span> <span class='ocrx_word' id='word_1_36' title='bbox 537 1346 876 1392; x_wconf 77' lang='lat' dir='ltr'>STRABONIS</span> <span class='ocrx_word' id='word_1_37' title='bbox 924 1348 1145 1411; x_wconf 90' lang='lat' dir='ltr'><strong>magno</strong></span> <span class='ocrx_word' id='word_1_38' title='bbox 1204 1325 1565 1390; x_wconf 89' lang='lat' dir='ltr'><strong>commercio</strong></span> <span class='ocrx_word' id='word_1_39' title='bbox 1615 1325 1920 1411; x_wconf 87' lang='lat' dir='ltr'><strong>gaudebat</strong></span> <span class='ocrx_word' id='word_1_40' title='bbox 1956 1334 2016 1391; x_wconf 91' lang='lat' dir='ltr'><strong>et</strong></span> <span class='ocrx_word' id='word_1_41' title='bbox 2047 1326 2297 1391; x_wconf 85' lang='lat' dir='ltr'><strong>florebat</strong></span> <span class='ocrx_word' id='word_1_42' title='bbox 2346 1325 2463 1411; x_wconf 86' lang='lat' dir='ltr'><strong>pis-</strong></span> 
     </span>
     <span class='ocr_line' id='line_1_7' title="bbox 214 1451 2465 1537; baseline 0 -19"><span class='ocrx_word' id='word_1_43' title='bbox 214 1454 458 1518; x_wconf 88' lang='lat' dir='ltr'><strong>catione</strong></span> <span class='ocrx_word' id='word_1_44' title='bbox 473 1481 491 1532; x_wconf 91' lang='lat'>;</span> <span class='ocrx_word' id='word_1_45' title='bbox 555 1473 792 1517; x_wconf 75' lang='lat' dir='ltr'>STRABO</span> <span class='ocrx_word' id='word_1_46' title='bbox 843 1452 1038 1516; x_wconf 89' lang='lat' dir='ltr'><strong>multa</strong></span> <span class='ocrx_word' id='word_1_47' title='bbox 1085 1452 1442 1516; x_wconf 89' lang='lat' dir='ltr'><strong>salsamenta</strong></span> <span class='ocrx_word' id='word_1_48' title='bbox 1497 1451 1587 1516; x_wconf 90' lang='lat' dir='ltr'><strong>ibi</strong></span> <span class='ocrx_word' id='word_1_49' title='bbox 1636 1453 1909 1518; x_wconf 84' lang='lat' dir='ltr'><strong>confecta</strong></span> <span class='ocrx_word' id='word_1_50' title='bbox 1958 1453 2111 1518; x_wconf 85' lang='lat' dir='ltr'><strong>dicit</strong></span> <span class='ocrx_word' id='word_1_51' title='bbox 2145 1453 2219 1537; x_wconf 75' lang='lat'><strong>³).</strong></span> <span class='ocrx_word' id='word_1_52' title='bbox 2270 1453 2465 1518; x_wconf 87' lang='lat' dir='ltr'><strong>Sitam</strong></span> 
     </span>
     <span class='ocr_line' id='line_1_8' title="bbox 214 1579 2460 1666; baseline 0.001 -22"><span class='ocrx_word' id='word_1_53' title='bbox 214 1580 407 1645; x_wconf 81' lang='lat' dir='ltr'><strong>fuisse</strong></span> <span class='ocrx_word' id='word_1_54' title='bbox 456 1579 762 1644; x_wconf 89' lang='lat' dir='ltr'><strong>Malacam</strong></span> <span class='ocrx_word' id='word_1_55' title='bbox 809 1597 1117 1642; x_wconf 74' lang='lat' dir='ltr'><strong>MOMMSEN</strong></span> <span class='ocrx_word' id='word_1_56' title='bbox 1165 1585 1344 1663; x_wconf 91' lang='lat' dir='ltr'><strong>putat</strong></span> <span class='ocrx_word' id='word_1_57' title='bbox 1392 1579 1455 1642; x_wconf 91' lang='lat' dir='ltr'><strong>in</strong></span> <span class='ocrx_word' id='word_1_58' title='bbox 1505 1585 1809 1643; x_wconf 83' lang='lat' dir='ltr'><strong>conventu</strong></span> <span class='ocrx_word' id='word_1_59' title='bbox 1858 1579 2024 1644; x_wconf 88' lang='lat' dir='ltr'><strong>urbis</strong></span> <span class='ocrx_word' id='word_1_60' title='bbox 2070 1580 2423 1666; x_wconf 84' lang='lat' dir='ltr'><strong>Astigorum</strong></span> <span class='ocrx_word' id='word_1_61' title='bbox 2441 1631 2460 1661; x_wconf 89' lang='lat'>‚</span> 
     </span>
     <span class='ocr_line' id='line_1_9' title="bbox 211 1705 2007 1792; baseline -0.002 -19"><span class='ocrx_word' id='word_1_62' title='bbox 211 1709 318 1773; x_wconf 89' lang='lat' dir='ltr'><strong>cui</strong></span> <span class='ocrx_word' id='word_1_63' title='bbox 367 1706 645 1792; x_wconf 90' lang='lat' dir='ltr'><strong>opinioni</strong></span> <span class='ocrx_word' id='word_1_64' title='bbox 693 1705 888 1783; x_wconf 78' lang='lat' dir='ltr'><strong>favet,</strong></span> <span class='ocrx_word' id='word_1_65' title='bbox 939 1728 1036 1770; x_wconf 91' lang='lat' dir='ltr'><strong>me</strong></span> <span class='ocrx_word' id='word_1_66' title='bbox 1061 1706 1298 1790; x_wconf 91' lang='lat' dir='ltr'><strong>judice,</strong></span> <span class='ocrx_word' id='word_1_67' title='bbox 1349 1705 1517 1770; x_wconf 87' lang='lat' dir='ltr'><strong>urbis</strong></span> <span class='ocrx_word' id='word_1_68' title='bbox 1565 1706 2007 1791; x_wconf 77' lang='lat' dir='ltr'><strong>propinquitas,</strong></span> 
     </span>
    </p>

    <p class='ocr_par' dir='ltr' id='par_1_4' title="bbox 207 1833 2465 2428">
     <span class='ocr_line' id='line_1_10' title="bbox 404 1833 2459 1918; baseline -0 -19"><span class='ocrx_word' id='word_1_69' title='bbox 404 1835 499 1899; x_wconf 91' lang='lat' dir='ltr'><strong>De</strong></span> <span class='ocrx_word' id='word_1_70' title='bbox 540 1833 786 1898; x_wconf 88' lang='lat' dir='ltr'><strong>historia</strong></span> <span class='ocrx_word' id='word_1_71' title='bbox 818 1833 1141 1918; x_wconf 85' lang='lat' dir='ltr'><strong>Salpensae</strong></span> <span class='ocrx_word' id='word_1_72' title='bbox 1173 1853 1365 1918; x_wconf 85' lang='lat' dir='ltr'><strong>pauca</strong></span> <span class='ocrx_word' id='word_1_73' title='bbox 1395 1837 1639 1897; x_wconf 84' lang='lat' dir='ltr'><strong>tantum</strong></span> <span class='ocrx_word' id='word_1_74' title='bbox 1672 1833 1997 1897; x_wconf 83' lang='lat' dir='ltr'><strong>memoriae</strong></span> <span class='ocrx_word' id='word_1_75' title='bbox 2037 1833 2263 1899; x_wconf 86' lang='lat' dir='ltr'><strong>tradita</strong></span> <span class='ocrx_word' id='word_1_76' title='bbox 2295 1840 2459 1900; x_wconf 74' lang='lat' dir='ltr'><strong>sunt.</strong></span> 
     </span>
     <span class='ocr_line' id='line_1_11' title="bbox 207 1960 2461 2047; baseline 0 -19"><span class='ocrx_word' id='word_1_77' title='bbox 207 1965 313 2028; x_wconf 83' lang='lat' dir='ltr'><strong>Ex</strong></span> <span class='ocrx_word' id='word_1_78' title='bbox 357 1961 565 2026; x_wconf 89' lang='lat' dir='ltr'>Plinio</span> <span class='ocrx_word' id='word_1_79' title='bbox 599 1961 648 2047; x_wconf 68' lang='grc'><strong>4)</strong></span> <span class='ocrx_word' id='word_1_80' title='bbox 701 1960 881 2026; x_wconf 88' lang='lat' dir='ltr'><strong>nobis</strong></span> <span class='ocrx_word' id='word_1_81' title='bbox 943 1966 1182 2026; x_wconf 87' lang='lat' dir='ltr'><strong>constat</strong></span> <span class='ocrx_word' id='word_1_82' title='bbox 1229 1961 1581 2045; x_wconf 88' lang='lat' dir='ltr'><strong>Salpensam</strong></span> <span class='ocrx_word' id='word_1_83' title='bbox 1642 1960 1823 2024; x_wconf 82' lang='lat' dir='ltr'><strong>sitam</strong></span> <span class='ocrx_word' id='word_1_84' title='bbox 1871 1960 2053 2025; x_wconf 86' lang='lat' dir='ltr'><strong>fuisse</strong></span> <span class='ocrx_word' id='word_1_85' title='bbox 2104 1962 2170 2025; x_wconf 90' lang='lat' dir='ltr'><strong>in</strong></span> <span class='ocrx_word' id='word_1_86' title='bbox 2218 1962 2461 2047; x_wconf 81' lang='lat' dir='ltr'><strong>provin-</strong></span> 
     </span>
     <span class='ocr_line' id='line_1_12' title="bbox 208 2087 2462 2174; baseline 0 -20"><span class='ocrx_word' id='word_1_87' title='bbox 208 2090 310 2155; x_wconf 91' lang='lat' dir='ltr'><strong>cia</strong></span> <span class='ocrx_word' id='word_1_88' title='bbox 355 2090 630 2166; x_wconf 80' lang='lat' dir='ltr'><strong>Baetica,</strong></span> <span class='ocrx_word' id='word_1_89' title='bbox 688 2089 753 2152; x_wconf 92' lang='lat' dir='ltr'><strong>in</strong></span> <span class='ocrx_word' id='word_1_90' title='bbox 802 2095 1104 2153; x_wconf 84' lang='lat' dir='ltr'><strong>conventu</strong></span> <span class='ocrx_word' id='word_1_91' title='bbox 1135 2087 1422 2173; x_wconf 90' lang='lat' dir='ltr'><strong>Hispalis.</strong></span> <span class='ocrx_word' id='word_1_92' title='bbox 1485 2087 1769 2174; x_wconf 87' lang='lat' dir='ltr'><strong>Vulgaris</strong></span> <span class='ocrx_word' id='word_1_93' title='bbox 1802 2087 2016 2172; x_wconf 90' lang='lat' dir='ltr'><strong>opinio</strong></span> <span class='ocrx_word' id='word_1_94' title='bbox 2050 2093 2140 2152; x_wconf 88' lang='lat' dir='ltr'><strong>est</strong></span> <span class='ocrx_word' id='word_1_95' title='bbox 2172 2111 2305 2153; x_wconf 89' lang='lat' dir='ltr'><strong>eam</strong></span> <span class='ocrx_word' id='word_1_96' title='bbox 2336 2111 2462 2154; x_wconf 91' lang='lat' dir='ltr'><strong>non</strong></span> 
     </span>
     <span class='ocr_line' id='line_1_13' title="bbox 211 2213 2465 2302; baseline -0 -21"><span class='ocrx_word' id='word_1_97' title='bbox 211 2216 481 2281; x_wconf 88' lang='lat' dir='ltr'><strong>multum</strong></span> <span class='ocrx_word' id='word_1_98' title='bbox 537 2215 723 2302; x_wconf 86' lang='lat' dir='ltr'><strong>spatii</strong></span> <span class='ocrx_word' id='word_1_99' title='bbox 769 2215 1036 2280; x_wconf 85' lang='lat' dir='ltr'><strong>abfuisse</strong></span> <span class='ocrx_word' id='word_1_100' title='bbox 1085 2214 1161 2279; x_wconf 91' lang='lat' dir='ltr'><strong>ab</strong></span> <span class='ocrx_word' id='word_1_101' title='bbox 1219 2214 1466 2292; x_wconf 88' lang='lat' dir='ltr'><strong>Utrera,</strong></span> <span class='ocrx_word' id='word_1_102' title='bbox 1516 2236 1671 2299; x_wconf 90' lang='lat' dir='ltr'><strong>quae</strong></span> <span class='ocrx_word' id='word_1_103' title='bbox 1716 2213 1980 2280; x_wconf 91' lang='lat' dir='ltr'><strong>finitima</strong></span> <span class='ocrx_word' id='word_1_104' title='bbox 2027 2214 2145 2278; x_wconf 82' lang='lat' dir='ltr'><strong>fuit</strong></span> <span class='ocrx_word' id='word_1_105' title='bbox 2178 2214 2315 2279; x_wconf 87' lang='lat' dir='ltr'><strong>urbi</strong></span> <span class='ocrx_word' id='word_1_106' title='bbox 2363 2215 2465 2280; x_wconf 88' lang='lat' dir='ltr'><strong>Se·</strong></span> 
     </span>
     <span class='ocr_line' id='line_1_14' title="bbox 207 2342 502 2428; baseline -0.003 -21"><span class='ocrx_word' id='word_1_107' title='bbox 207 2343 392 2410; x_wconf 86' lang='lat' dir='ltr'><strong>villae</strong></span> <span class='ocrx_word' id='word_1_108' title='bbox 433 2342 502 2428; x_wconf 80' lang='lat'><strong>³).</strong></span> 
     </span>
    </p>

    <p class='ocr_par' dir='ltr' id='par_1_5' title="bbox 212 2467 2466 2916">
     <span class='ocr_line' id='line_1_15' title="bbox 403 2467 2465 2554; baseline 0 -21"><span class='ocrx_word' id='word_1_109' title='bbox 403 2467 500 2533; x_wconf 88' lang='lat' dir='ltr'><strong>De</strong></span> <span class='ocrx_word' id='word_1_110' title='bbox 543 2467 676 2553; x_wconf 87' lang='lat' dir='ltr'><strong>jure</strong></span> <span class='ocrx_word' id='word_1_111' title='bbox 724 2467 969 2532; x_wconf 88' lang='lat' dir='ltr'><strong>urbium</strong></span> <span class='ocrx_word' id='word_1_112' title='bbox 1019 2467 1293 2532; x_wconf 86' lang='lat' dir='ltr'><strong>Malacae</strong></span> <span class='ocrx_word' id='word_1_113' title='bbox 1342 2473 1404 2532; x_wconf 93' lang='lat' dir='ltr'><strong>et</strong></span> <span class='ocrx_word' id='word_1_114' title='bbox 1435 2467 1762 2553; x_wconf 87' lang='lat' dir='ltr'><strong>Salpensae</strong></span> <span class='ocrx_word' id='word_1_115' title='bbox 1795 2489 1985 2553; x_wconf 87' lang='lat' dir='ltr'><strong>pauca</strong></span> <span class='ocrx_word' id='word_1_116' title='bbox 2017 2473 2259 2533; x_wconf 89' lang='lat' dir='ltr'><strong>tantum</strong></span> <span class='ocrx_word' id='word_1_117' title='bbox 2296 2469 2465 2554; x_wconf 85' lang='lat' dir='ltr'><strong>apud</strong></span> 
     </span>
     <span class='ocr_line' id='line_1_16' title="bbox 213 2594 2466 2682; baseline 0 -22"><span class='ocrx_word' id='word_1_118' title='bbox 213 2602 446 2661; x_wconf 87' lang='lat' dir='ltr'><strong>veteres</strong></span> <span class='ocrx_word' id='word_1_119' title='bbox 495 2600 768 2661; x_wconf 77' lang='lat' dir='ltr'><strong>auctores</strong></span> <span class='ocrx_word' id='word_1_120' title='bbox 817 2600 1178 2673; x_wconf 84' lang='lat' dir='ltr'><strong>occurrunt3</strong></span> <span class='ocrx_word' id='word_1_121' title='bbox 1229 2617 1303 2659; x_wconf 86' lang='lat' dir='ltr'><strong>ex</strong></span> <span class='ocrx_word' id='word_1_122' title='bbox 1349 2594 1426 2659; x_wconf 90' lang='lat' dir='ltr'><strong>iis</strong></span> <span class='ocrx_word' id='word_1_123' title='bbox 1473 2599 1718 2676; x_wconf 84' lang='lat' dir='ltr'><strong>tamen,</strong></span> <span class='ocrx_word' id='word_1_124' title='bbox 1770 2618 1923 2682; x_wconf 89' lang='lat' dir='ltr'><strong>quae</strong></span> <span class='ocrx_word' id='word_1_125' title='bbox 1970 2597 2295 2662; x_wconf 87' lang='lat' dir='ltr'><strong>memoriae</strong></span> <span class='ocrx_word' id='word_1_126' title='bbox 2346 2602 2466 2662; x_wconf 89' lang='lat' dir='ltr'><strong>tra·</strong></span> 
     </span>
     <span class='ocr_line' id='line_1_17' title="bbox 212 2721 2460 2809; baseline -0 -21"><span class='ocrx_word' id='word_1_127' title='bbox 212 2724 507 2788; x_wconf 85' lang='lat' dir='ltr'><strong>diderunt</strong></span> <span class='ocrx_word' id='word_1_128' title='bbox 532 2770 552 2801; x_wconf 92' lang='lat'><em>,</em></span> <span class='ocrx_word' id='word_1_129' title='bbox 605 2746 702 2787; x_wconf 86' lang='lat' dir='ltr'><strong>me</strong></span> <span class='ocrx_word' id='word_1_130' title='bbox 745 2721 985 2808; x_wconf 85' lang='lat' dir='ltr'><strong>judice,</strong></span> <span class='ocrx_word' id='word_1_131' title='bbox 1037 2724 1184 2787; x_wconf 84' lang='lat' dir='ltr'><strong>satis</strong></span> <span class='ocrx_word' id='word_1_132' title='bbox 1232 2729 1481 2808; x_wconf 88' lang='lat' dir='ltr'><strong>apparet</strong></span> <span class='ocrx_word' id='word_1_133' title='bbox 1526 2746 1627 2788; x_wconf 85' lang='lat' dir='ltr'><strong>eas</strong></span> <span class='ocrx_word' id='word_1_134' title='bbox 1668 2725 1804 2809; x_wconf 87' lang='lat' dir='ltr'><strong>jure</strong></span> <span class='ocrx_word' id='word_1_135' title='bbox 1834 2724 2189 2789; x_wconf 78' lang='lat' dir='ltr'><strong>Latinitatis</strong></span> <span class='ocrx_word' id='word_1_136' title='bbox 2221 2723 2460 2809; x_wconf 87' lang='lat' dir='ltr'><strong>gavisas</strong></span> 
     </span>
     <span class='ocr_line' id='line_1_18' title="bbox 213 2852 427 2916; baseline -0.005 0"><span class='ocrx_word' id='word_1_137' title='bbox 213 2852 427 2916; x_wconf 85' lang='lat' dir='ltr'><strong>fuisse.</strong></span> 
     </span>
    </p>

    <p class='ocr_par' dir='ltr' id='par_1_6' title="bbox 405 2976 2453 3063">
     <span class='ocr_line' id='line_1_19' title="bbox 405 2976 2453 3063; baseline 0 -21"><span class='ocrx_word' id='word_1_138' title='bbox 405 2977 695 3057; x_wconf 66' lang='lat' dir='ltr'><strong>hunus,</strong></span> <span class='ocrx_word' id='word_1_139' title='bbox 748 2977 852 3042; x_wconf 88' lang='lat' dir='ltr'><strong>ubi</strong></span> <span class='ocrx_word' id='word_1_140' title='bbox 894 2976 1073 3042; x_wconf 87' lang='lat' dir='ltr'><strong>urbes</strong></span> <span class='ocrx_word' id='word_1_141' title='bbox 1125 2976 1462 3062; x_wconf 86' lang='lat' dir='ltr'><strong>Hispaniae</strong></span> <span class='ocrx_word' id='word_1_142' title='bbox 1510 2982 1779 3042; x_wconf 89' lang='lat' dir='ltr'><strong>recenset</strong></span> <span class='ocrx_word' id='word_1_143' title='bbox 1809 2977 1887 3063; x_wconf 63' lang='grc' dir='ltr'><strong>θ),</strong></span> <span class='ocrx_word' id='word_1_144' title='bbox 1935 2978 2238 3043; x_wconf 85' lang='lat' dir='ltr'><strong>Malacam</strong></span> <span class='ocrx_word' id='word_1_145' title='bbox 2270 2977 2453 3043; x_wconf 86' lang='lat' dir='ltr'><strong>fuisse</strong></span> 
     </span>
    </p>
   </div>
   <div class='ocr_carea' id='block_1_3' title="bbox 220 3190 631 3199">
    <p class='ocr_par' dir='ltr' id='par_1_7' title="bbox 220 3190 631 3199">
     <span class='ocr_line' id='line_1_20' title="bbox 220 3190 631 3199; baseline 0 0"><span class='ocrx_word' id='word_1_146' title='bbox 220 3190 631 3199; x_wconf 95' lang='lat' dir='ltr'><strong> </strong></span> 
     </span>
    </p>
   </div>
   <div class='ocr_carea' id='block_1_4' title="bbox 207 3338 2463 4587">
    <p class='ocr_par' dir='ltr' id='par_1_8' title="bbox 209 3338 2460 3576">
     <span class='ocr_line' id='line_1_21' title="bbox 358 3338 2460 3407; baseline 0.002 -18"><span class='ocrx_word' id='word_1_147' title='bbox 358 3340 394 3403; x_wconf 87' lang='lat'><strong>¹)</strong></span> <span class='ocrx_word' id='word_1_148' title='bbox 465 3339 599 3390; x_wconf 81' lang='lat' dir='ltr'><strong>Licet</strong></span> <span class='ocrx_word' id='word_1_149' title='bbox 636 3356 800 3389; x_wconf 82' lang='lat' dir='ltr'><strong>revera</strong></span> <span class='ocrx_word' id='word_1_150' title='bbox 831 3340 1096 3405; x_wconf 82' lang='lat' dir='ltr'><strong>praetoriae</strong></span> <span class='ocrx_word' id='word_1_151' title='bbox 1132 3341 1228 3391; x_wconf 80' lang='lat' dir='ltr'><strong>sint</strong></span> <span class='ocrx_word' id='word_1_152' title='bbox 1262 3341 1498 3407; x_wconf 85' lang='lat' dir='ltr'><strong>plurimae</strong></span> <span class='ocrx_word' id='word_1_153' title='bbox 1539 3343 1731 3391; x_wconf 80' lang='lat' dir='ltr'><strong>senatus</strong></span> <span class='ocrx_word' id='word_1_154' title='bbox 1758 3338 2035 3406; x_wconf 79' lang='lat' dir='ltr'><strong>provinciae</strong></span> <span class='ocrx_word' id='word_1_155' title='bbox 2074 3340 2460 3393; x_wconf 80' lang='lat' dir='ltr'><strong>animadverten-</strong></span> 
     </span>
     <span class='ocr_line' id='line_1_22' title="bbox 212 3425 2459 3492; baseline 0.002 -19"><span class='ocrx_word' id='word_1_156' title='bbox 212 3425 330 3473; x_wconf 91' lang='lat' dir='ltr'><strong>dum</strong></span> <span class='ocrx_word' id='word_1_157' title='bbox 367 3428 439 3473; x_wconf 79' lang='lat' dir='ltr'><strong>eat</strong></span> <span class='ocrx_word' id='word_1_158' title='bbox 474 3439 582 3473; x_wconf 89' lang='lat' dir='ltr'><strong>eum</strong></span> <span class='ocrx_word' id='word_1_159' title='bbox 617 3425 696 3489; x_wconf 85' lang='lat' dir='ltr'><strong>qui</strong></span> <span class='ocrx_word' id='word_1_160' title='bbox 733 3426 1007 3490; x_wconf 86' lang='lat' dir='ltr'><strong>provinciae</strong></span> <span class='ocrx_word' id='word_1_161' title='bbox 1042 3426 1126 3475; x_wconf 80' lang='lat' dir='ltr'><strong>tali</strong></span> <span class='ocrx_word' id='word_1_162' title='bbox 1165 3431 1353 3491; x_wconf 82' lang='lat' dir='ltr'><strong>praeest</strong></span> <span class='ocrx_word' id='word_1_163' title='bbox 1388 3430 1548 3475; x_wconf 83' lang='lat' dir='ltr'><strong>tamen</strong></span> <span class='ocrx_word' id='word_1_164' title='bbox 1581 3426 1914 3492; x_wconf 80' lang='lat' dir='ltr'><strong>proconsulem</strong></span> <span class='ocrx_word' id='word_1_165' title='bbox 1949 3426 2210 3491; x_wconf 82' lang='lat' dir='ltr'><strong>appellari3</strong></span> <span class='ocrx_word' id='word_1_166' title='bbox 2246 3427 2375 3477; x_wconf 87' lang='lat' dir='ltr'><strong>hunc</strong></span> <span class='ocrx_word' id='word_1_167' title='bbox 2398 3427 2459 3477; x_wconf 87' lang='lat' dir='ltr'><strong>ti·</strong></span> 
     </span>
     <span class='ocr_line' id='line_1_23' title="bbox 209 3508 2153 3576; baseline 0.002 -18"><span class='ocrx_word' id='word_1_168' title='bbox 209 3510 371 3559; x_wconf 83' lang='lat' dir='ltr'><strong>tulum</strong></span> <span class='ocrx_word' id='word_1_169' title='bbox 407 3508 534 3557; x_wconf 84' lang='lat' dir='ltr'><strong>euim</strong></span> <span class='ocrx_word' id='word_1_170' title='bbox 569 3524 734 3559; x_wconf 85' lang='lat' dir='ltr'><strong>omnes</strong></span> <span class='ocrx_word' id='word_1_171' title='bbox 770 3526 884 3575; x_wconf 86' lang='lat' dir='ltr'><strong>prae</strong></span> <span class='ocrx_word' id='word_1_172' title='bbox 922 3527 972 3559; x_wconf 84' lang='lat' dir='ltr'><strong>se</strong></span> <span class='ocrx_word' id='word_1_173' title='bbox 1007 3512 1167 3560; x_wconf 84' lang='lat' dir='ltr'><strong>ferunt</strong></span> <span class='ocrx_word' id='word_1_174' title='bbox 1202 3512 1284 3575; x_wconf 88' lang='lat' dir='ltr'><strong>qui</strong></span> <span class='ocrx_word' id='word_1_175' title='bbox 1320 3511 1580 3560; x_wconf 76' lang='lat' dir='ltr'><strong>Senator-iia</strong></span> <span class='ocrx_word' id='word_1_176' title='bbox 1614 3511 1873 3576; x_wconf 83' lang='lat' dir='ltr'><strong>provinciis</strong></span> <span class='ocrx_word' id='word_1_177' title='bbox 1909 3514 2153 3575; x_wconf 81' lang='lat' dir='ltr'><strong>praesunt.</strong></span> 
     </span>
    </p>

    <p class='ocr_par' dir='ltr' id='par_1_9' title="bbox 208 3593 2463 3997">
     <span class='ocr_line' id='line_1_24' title="bbox 353 3593 2460 3660; baseline 0 -18"><span class='ocrx_word' id='word_1_178' title='bbox 353 3593 400 3657; x_wconf 76' lang='grc'><strong>2)</strong></span> <span class='ocrx_word' id='word_1_179' title='bbox 470 3594 578 3642; x_wconf 89' lang='lat' dir='ltr'><strong>Hoc</strong></span> <span class='ocrx_word' id='word_1_180' title='bbox 615 3594 718 3643; x_wconf 85' lang='lat' dir='ltr'><strong>loco</strong></span> <span class='ocrx_word' id='word_1_181' title='bbox 757 3600 1018 3645; x_wconf 78' lang='lat' dir='ltr'><strong>conventus</strong></span> <span class='ocrx_word' id='word_1_182' title='bbox 1055 3596 1280 3645; x_wconf 88' lang='lat' dir='ltr'><strong>dicuntur</strong></span> <span class='ocrx_word' id='word_1_183' title='bbox 1310 3600 1474 3660; x_wconf 78' lang='lat' dir='ltr'><strong>partes</strong></span> <span class='ocrx_word' id='word_1_184' title='bbox 1510 3596 1785 3659; x_wconf 84' lang='lat' dir='ltr'><strong>provinciae</strong></span> <span class='ocrx_word' id='word_1_185' title='bbox 1820 3595 1947 3658; x_wconf 86' lang='lat' dir='ltr'><strong>quod</strong></span> <span class='ocrx_word' id='word_1_186' title='bbox 1980 3594 2040 3642; x_wconf 84' lang='lat' dir='ltr'><strong>ad</strong></span> <span class='ocrx_word' id='word_1_187' title='bbox 2070 3593 2460 3657; x_wconf 85' lang='lat' dir='ltr'><strong>jurisdictionem</strong></span> 
     </span>
     <span class='ocr_line' id='line_1_25' title="bbox 209 3678 2459 3744; baseline -0 -17"><span class='ocrx_word' id='word_1_188' title='bbox 209 3678 404 3727; x_wconf 84' lang='lat' dir='ltr'><strong>attinet.</strong></span> <span class='ocrx_word' id='word_1_189' title='bbox 473 3678 740 3728; x_wconf 81' lang='lat' dir='ltr'><strong>Proconsul</strong></span> <span class='ocrx_word' id='word_1_190' title='bbox 787 3695 873 3744; x_wconf 87' lang='lat' dir='ltr'><strong>per</strong></span> <span class='ocrx_word' id='word_1_191' title='bbox 917 3680 1188 3744; x_wconf 86' lang='lat' dir='ltr'><strong>provincias</strong></span> <span class='ocrx_word' id='word_1_192' title='bbox 1236 3680 1328 3728; x_wconf 87' lang='lat' dir='ltr'><strong>iter</strong></span> <span class='ocrx_word' id='word_1_193' title='bbox 1372 3680 1531 3728; x_wconf 84' lang='lat' dir='ltr'><strong>facere</strong></span> <span class='ocrx_word' id='word_1_194' title='bbox 1578 3680 1785 3737; x_wconf 85' lang='lat' dir='ltr'><strong>solebat,</strong></span> <span class='ocrx_word' id='word_1_195' title='bbox 1834 3683 1889 3728; x_wconf 92' lang='lat' dir='ltr'><strong>ut</strong></span> <span class='ocrx_word' id='word_1_196' title='bbox 1938 3679 2046 3727; x_wconf 89' lang='lat' dir='ltr'><strong>lites</strong></span> <span class='ocrx_word' id='word_1_197' title='bbox 2106 3679 2297 3726; x_wconf 87' lang='lat' dir='ltr'><strong>urbium</strong></span> <span class='ocrx_word' id='word_1_198' title='bbox 2344 3679 2459 3727; x_wconf 84' lang='lat' dir='ltr'><strong>diri-</strong></span> 
     </span>
     <span class='ocr_line' id='line_1_26' title="bbox 208 3762 2455 3826; baseline 0 -14"><span class='ocrx_word' id='word_1_199' title='bbox 208 3766 368 3812; x_wconf 87' lang='lat' dir='ltr'><strong>meret</strong></span> <span class='ocrx_word' id='word_1_200' title='bbox 401 3777 658 3826; x_wconf 86' lang='lat' dir='ltr'><strong>earumque</strong></span> <span class='ocrx_word' id='word_1_201' title='bbox 695 3763 884 3825; x_wconf 86' lang='lat' dir='ltr'><strong>negotia</strong></span> <span class='ocrx_word' id='word_1_202' title='bbox 919 3769 1122 3813; x_wconf 84' lang='lat' dir='ltr'><strong>curaret.</strong></span> <span class='ocrx_word' id='word_1_203' title='bbox 1157 3764 1386 3814; x_wconf 84' lang='lat' dir='ltr'><strong>Pluribus</strong></span> <span class='ocrx_word' id='word_1_204' title='bbox 1423 3764 1480 3812; x_wconf 86' lang='lat' dir='ltr'><strong>de</strong></span> <span class='ocrx_word' id='word_1_205' title='bbox 1516 3764 1607 3812; x_wconf 86' lang='lat' dir='ltr'><strong>hac</strong></span> <span class='ocrx_word' id='word_1_206' title='bbox 1641 3780 1693 3813; x_wconf 89' lang='lat' dir='ltr'><strong>re</strong></span> <span class='ocrx_word' id='word_1_207' title='bbox 1730 3766 1879 3826; x_wconf 84' lang='lat' dir='ltr'><strong>agunt</strong></span> <span class='ocrx_word' id='word_1_208' title='bbox 1917 3775 2115 3813; x_wconf 72' lang='lat' dir='ltr'><strong>Pucn&#39;rA</strong></span> <span class='ocrx_word' id='word_1_209' title='bbox 2140 3762 2187 3809; x_wconf 91' lang='lat' dir='ltr'><strong>iu</strong></span> <span class='ocrx_word' id='word_1_210' title='bbox 2220 3762 2307 3824; x_wconf 83' lang='lat' dir='ltr'><strong>Op.</strong></span> <span class='ocrx_word' id='word_1_211' title='bbox 2344 3764 2378 3812; x_wconf 82' lang='lat' dir='ltr'><strong>l.</strong></span> <span class='ocrx_word' id='word_1_212' title='bbox 2404 3762 2455 3821; x_wconf 89' lang='lat'><strong>1,</strong></span> 
     </span>
     <span class='ocr_line' id='line_1_27' title="bbox 208 3847 2463 3912; baseline 0 -15"><span class='ocrx_word' id='word_1_213' title='bbox 208 3864 256 3912; x_wconf 86' lang='lat' dir='ltr'><strong>p.</strong></span> <span class='ocrx_word' id='word_1_214' title='bbox 297 3848 594 3905; x_wconf 78' lang='lat'>254-256,</span> <span class='ocrx_word' id='word_1_215' title='bbox 633 3848 836 3897; x_wconf 85' lang='lat' dir='ltr'><strong>addatur</strong></span> <span class='ocrx_word' id='word_1_216' title='bbox 869 3862 1100 3907; x_wconf 74' lang='lat' dir='ltr'><strong>vum-Ea,</strong></span> <span class='ocrx_word' id='word_1_217' title='bbox 1142 3850 1411 3899; x_wconf 70' lang='lat' dir='ltr'><strong>Gesohichte</strong></span> <span class='ocrx_word' id='word_1_218' title='bbox 1456 3850 1539 3898; x_wconf 71' lang='lat' dir='ltr'><strong>des</strong></span> <span class='ocrx_word' id='word_1_219' title='bbox 1572 3847 1846 3899; x_wconf 62' lang='lat' dir='ltr'><strong>Ramisohen</strong></span> <span class='ocrx_word' id='word_1_220' title='bbox 1892 3848 2081 3897; x_wconf 71' lang='lat' dir='ltr'><strong>Rechts.</strong></span> <span class='ocrx_word' id='word_1_221' title='bbox 2116 3847 2260 3897; x_wconf 87' lang='lat' dir='ltr'><strong>Bonn</strong></span> <span class='ocrx_word' id='word_1_222' title='bbox 2300 3848 2427 3897; x_wconf 79' lang='lat'>1845</span> <span class='ocrx_word' id='word_1_223' title='bbox 2448 3884 2463 3908; x_wconf 88' lang='lat'><em>,</em></span> 
     </span>
     <span class='ocr_line' id='line_1_28' title="bbox 208 3929 679 3997; baseline 0.004 -18"><span class='ocrx_word' id='word_1_224' title='bbox 208 3931 262 3991; x_wconf 91' lang='lat'><strong>1,</strong></span> <span class='ocrx_word' id='word_1_225' title='bbox 302 3948 356 3997; x_wconf 88' lang='lat' dir='ltr'><strong>p.</strong></span> <span class='ocrx_word' id='word_1_226' title='bbox 393 3929 679 3982; x_wconf 84' lang='lat'><strong>279-281.</strong></span> 
     </span>
    </p>

    <p class='ocr_par' dir='ltr' id='par_1_10' title="bbox 208 4014 2458 4167">
     <span class='ocr_line' id='line_1_29' title="bbox 354 4014 2458 4086; baseline 0.002 -23"><span class='ocrx_word' id='word_1_227' title='bbox 354 4014 393 4078; x_wconf 77' lang='lat'><strong>³&gt;</strong></span> <span class='ocrx_word' id='word_1_228' title='bbox 464 4015 536 4065; x_wconf 82' lang='lat' dir='ltr'><strong>cf.</strong></span> <span class='ocrx_word' id='word_1_229' title='bbox 574 4029 796 4075; x_wconf 69' lang='lat' dir='ltr'><strong>smum,</strong></span> <span class='ocrx_word' id='word_1_230' title='bbox 833 4018 1008 4067; x_wconf 84' lang='lat' dir='ltr'><strong>Rerum</strong></span> <span class='ocrx_word' id='word_1_231' title='bbox 1045 4020 1316 4083; x_wconf 59' lang='lat' dir='ltr'><strong>(myram,</strong></span> <span class='ocrx_word' id='word_1_232' title='bbox 1349 4019 1454 4070; x_wconf 87' lang='lat' dir='ltr'><strong>Lib.</strong></span> <span class='ocrx_word' id='word_1_233' title='bbox 1488 4017 1595 4075; x_wconf 93' lang='lat'>111,</span> <span class='ocrx_word' id='word_1_234' title='bbox 1632 4020 1656 4079; x_wconf 74' lang='grc' dir='ltr'><strong>ς</strong></span> <span class='ocrx_word' id='word_1_235' title='bbox 1696 4018 1811 4067; x_wconf 79' lang='lat'><strong>156.</strong></span> <span class='ocrx_word' id='word_1_236' title='bbox 1843 4017 1979 4067; x_wconf 86' lang='lat' dir='ltr'><strong>Idem</strong></span> <span class='ocrx_word' id='word_1_237' title='bbox 2013 4020 2149 4083; x_wconf 88' lang='lat' dir='ltr'><strong>patet</strong></span> <span class='ocrx_word' id='word_1_238' title='bbox 2172 4034 2228 4067; x_wconf 83' lang='lat' dir='ltr'><strong>ex</strong></span> <span class='ocrx_word' id='word_1_239' title='bbox 2252 4018 2458 4086; x_wconf 84' lang='lat' dir='ltr'><strong>inscrip-</strong></span> 
     </span>
     <span class='ocr_line' id='line_1_30' title="bbox 208 4101 1817 4167; baseline 0.001 -18"><span class='ocrx_word' id='word_1_240' title='bbox 208 4102 346 4150; x_wconf 89' lang='lat' dir='ltr'><strong>tione</strong></span> <span class='ocrx_word' id='word_1_241' title='bbox 380 4114 523 4163; x_wconf 84' lang='lat' dir='ltr'><strong>quam</strong></span> <span class='ocrx_word' id='word_1_242' title='bbox 561 4101 676 4149; x_wconf 83' lang='lat' dir='ltr'><strong>citat</strong></span> <span class='ocrx_word' id='word_1_243' title='bbox 712 4115 992 4162; x_wconf 64' lang='lat' dir='ltr'><strong>nonnum,</strong></span> <span class='ocrx_word' id='word_1_244' title='bbox 1027 4105 1341 4162; x_wconf 79' lang='lat' dir='ltr'><strong>Stadcrechte‚</strong></span> <span class='ocrx_word' id='word_1_245' title='bbox 1383 4119 1433 4167; x_wconf 88' lang='lat' dir='ltr'><strong>p.</strong></span> <span class='ocrx_word' id='word_1_246' title='bbox 1469 4104 1596 4160; x_wconf 84' lang='lat'><strong>388,</strong></span> <span class='ocrx_word' id='word_1_247' title='bbox 1634 4106 1735 4152; x_wconf 86' lang='lat' dir='ltr'><strong>not.</strong></span> <span class='ocrx_word' id='word_1_248' title='bbox 1773 4103 1817 4151; x_wconf 90' lang='lat'><strong>1.</strong></span> 
     </span>
    </p>

    <p class='ocr_par' dir='ltr' id='par_1_11' title="bbox 207 4183 2459 4417">
     <span class='ocr_line' id='line_1_31' title="bbox 351 4183 2458 4251; baseline 0.001 -17"><span class='ocrx_word' id='word_1_249' title='bbox 351 4183 393 4247; x_wconf 77' lang='lat'><strong>⁴)</strong></span> <span class='ocrx_word' id='word_1_250' title='bbox 462 4185 593 4235; x_wconf 74' lang='lat' dir='ltr'><strong>Hist.</strong></span> <span class='ocrx_word' id='word_1_251' title='bbox 619 4187 727 4236; x_wconf 81' lang='lat' dir='ltr'><strong>Nat.</strong></span> <span class='ocrx_word' id='word_1_252' title='bbox 763 4186 868 4243; x_wconf 91' lang='lat'>111,</span> <span class='ocrx_word' id='word_1_253' title='bbox 909 4189 964 4244; x_wconf 91' lang='lat'><strong>1,</strong></span> <span class='ocrx_word' id='word_1_254' title='bbox 1004 4190 1068 4237; x_wconf 83' lang='lat'><strong>14</strong></span> <span class='ocrx_word' id='word_1_255' title='bbox 1103 4189 1177 4239; x_wconf 86' lang='lat' dir='ltr'><strong>ed.</strong></span> <span class='ocrx_word' id='word_1_256' title='bbox 1214 4202 1408 4247; x_wconf 70' lang='lat' dir='ltr'><strong>sume,</strong></span> <span class='ocrx_word' id='word_1_257' title='bbox 1443 4188 1504 4236; x_wconf 89' lang='lat' dir='ltr'><strong>In</strong></span> <span class='ocrx_word' id='word_1_258' title='bbox 1540 4186 1747 4235; x_wconf 85' lang='lat' dir='ltr'><strong>nummis</strong></span> <span class='ocrx_word' id='word_1_259' title='bbox 1782 4189 1829 4235; x_wconf 88' lang='lat' dir='ltr'><strong>et</strong></span> <span class='ocrx_word' id='word_1_260' title='bbox 1862 4186 2255 4251; x_wconf 80' lang='lat' dir='ltr'><strong>inscriptionibus</strong></span> <span class='ocrx_word' id='word_1_261' title='bbox 2289 4203 2458 4237; x_wconf 87' lang='lat' dir='ltr'><strong>occur·</strong></span> 
     </span>
     <span class='ocr_line' id='line_1_32' title="bbox 211 4270 2459 4337; baseline 0.001 -20"><span class='ocrx_word' id='word_1_262' title='bbox 211 4270 278 4319; x_wconf 83' lang='lat' dir='ltr'><strong>rit</strong></span> <span class='ocrx_word' id='word_1_263' title='bbox 313 4284 410 4318; x_wconf 84' lang='lat' dir='ltr'><strong>vox</strong></span> <span class='ocrx_word' id='word_1_264' title='bbox 454 4270 680 4332; x_wconf 75' lang='lat' dir='ltr'><strong>Salpesa,</strong></span> <span class='ocrx_word' id='word_1_265' title='bbox 724 4272 850 4337; x_wconf 83' lang='lat' dir='ltr'><strong>apud</strong></span> <span class='ocrx_word' id='word_1_266' title='bbox 886 4286 1104 4323; x_wconf 66' lang='lat' dir='ltr'><strong>nmium</strong></span> <span class='ocrx_word' id='word_1_267' title='bbox 1135 4275 1222 4324; x_wconf 67' lang='lat' dir='ltr'><strong>Le.</strong></span> <span class='ocrx_word' id='word_1_268' title='bbox 1257 4272 1402 4337; x_wconf 80' lang='lat' dir='ltr'><strong>vulgo</strong></span> <span class='ocrx_word' id='word_1_269' title='bbox 1438 4271 1685 4337; x_wconf 83' lang='lat' dir='ltr'><strong>legebatur</strong></span> <span class='ocrx_word' id='word_1_270' title='bbox 1718 4272 1920 4334; x_wconf 72' lang='lat' dir='ltr'><strong>Alpem,</strong></span> <span class='ocrx_word' id='word_1_271' title='bbox 1961 4270 2216 4322; x_wconf 75' lang='lat' dir='ltr'><strong>novissima</strong></span> <span class='ocrx_word' id='word_1_272' title='bbox 2250 4272 2459 4321; x_wconf 87' lang='lat' dir='ltr'><strong>editione</strong></span> 
     </span>
     <span class='ocr_line' id='line_1_33' title="bbox 207 4354 618 4417; baseline 0.002 -15"><span class='ocrx_word' id='word_1_273' title='bbox 207 4357 370 4403; x_wconf 85' lang='lat' dir='ltr'><strong>tamen</strong></span> <span class='ocrx_word' id='word_1_274' title='bbox 407 4354 618 4417; x_wconf 68' lang='lat' dir='ltr'><strong>Salpesa.</strong></span> 
     </span>
    </p>

    <p class='ocr_par' dir='ltr' id='par_1_12' title="bbox 351 4435 1816 4507">
     <span class='ocr_line' id='line_1_34' title="bbox 351 4435 1816 4507; baseline 0.001 -18"><span class='ocrx_word' id='word_1_275' title='bbox 351 4438 392 4499; x_wconf 71' lang='lat'><strong>³)</strong></span> <span class='ocrx_word' id='word_1_276' title='bbox 465 4435 539 4489; x_wconf 79' lang='lat' dir='ltr'><strong>Cf.</strong></span> <span class='ocrx_word' id='word_1_277' title='bbox 575 4452 858 4500; x_wconf 72' lang='lat' dir='ltr'>MOMMSE-N,</span> <span class='ocrx_word' id='word_1_278' title='bbox 893 4442 1208 4503; x_wconf 61' lang='lat' dir='ltr'><strong>&amp;adit-echte,</strong></span> <span class='ocrx_word' id='word_1_279' title='bbox 1243 4458 1292 4507; x_wconf 88' lang='lat' dir='ltr'><strong>p.</strong></span> <span class='ocrx_word' id='word_1_280' title='bbox 1329 4443 1454 4502; x_wconf 85' lang='lat'><strong>388,</strong></span> <span class='ocrx_word' id='word_1_281' title='bbox 1493 4442 1591 4491; x_wconf 82' lang='lat'><strong>389</strong></span> <span class='ocrx_word' id='word_1_282' title='bbox 1630 4444 1731 4493; x_wconf 85' lang='lat' dir='ltr'><strong>not.</strong></span> <span class='ocrx_word' id='word_1_283' title='bbox 1771 4440 1816 4491; x_wconf 79' lang='lat'><strong>2.</strong></span> 
     </span>
    </p>

    <p class='ocr_par' dir='ltr' id='par_1_13' title="bbox 353 4523 1046 4587">
     <span class='ocr_line' id='line_1_35' title="bbox 353 4523 1046 4587; baseline 0.003 -14"><span class='ocrx_word' id='word_1_284' title='bbox 353 4523 392 4587; x_wconf 78' lang='lat'><strong>⁰)</strong></span> <span class='ocrx_word' id='word_1_285' title='bbox 463 4525 592 4575; x_wconf 68' lang='lat' dir='ltr'><strong>Hist.</strong></span> <span class='ocrx_word' id='word_1_286' title='bbox 630 4530 730 4577; x_wconf 76' lang='lat' dir='ltr'><strong>nat.</strong></span> <span class='ocrx_word' id='word_1_287' title='bbox 764 4526 865 4581; x_wconf 91' lang='lat'>111,</span> <span class='ocrx_word' id='word_1_288' title='bbox 907 4529 961 4586; x_wconf 89' lang='lat'><strong>1,</strong></span> <span class='ocrx_word' id='word_1_289' title='bbox 1000 4526 1046 4578; x_wconf 81' lang='lat'><strong>7.</strong></span> 
     </span>
    </p>
   </div>
  </div>
 </body>
</html>
