3027 5263
1604 590 1730 651 100

539 785 964 851 manumittere
1013 782 1188 859 licet,
1252 783 1342 846 uti
1392 804 1487 846 res
1534 782 1668 865 ipsa
1718 781 1928 859 docet,
1976 782 2139 865 apud
2190 783 2609 867 magistratum
2664 808 2803 851 mu-

533 913 862 999 nicipalem
924 911 1252 986 Latinum;
1323 910 1480 973 cives
1533 910 1791 973 Romani
1840 911 1945 993 qui
1998 909 2266 974 Malacae
2318 911 2410 974 vel
2460 914 2800 997 Salpensae

532 1049 702 1105 erant
749 1039 912 1124 apud
945 1038 1385 1137 proconsulem·
1403 1038 1683 1101 Baeticae
1718 1038 1929 1121 procul
1963 1038 2151 1102 dubio
2188 1041 2703 1105 manumittebant
2724 1044 2792 1126 ¹).

719 1166 949 1231 Revera
1015 1166 1224 1248 itaque
1289 1164 1473 1228 IIviri
1540 1165 1605 1227 in
1670 1165 2013 1249 municipiis
2061 1165 2285 1229 Flaviis
2335 1166 2562 1231 habent
2605 1168 2797 1251 juris-

536 1293 859 1359 dictionem
929 1291 1328 1355 voluntariam
1345 1317 1363 1368 ς
1421 1313 1545 1353 non
1594 1312 1802 1354 omnes
1853 1300 2057 1355 autem
2107 1292 2317 1355 Latini
2366 1293 2456 1356 illi
2500 1295 2797 1378 jurisdic-

532 1420 688 1485 tioni
735 1419 993 1503 subjecti
1043 1425 1188 1481 sunt
1205 1444 1222 1495 ;
1291 1418 1631 1501 municipes
1681 1417 1843 1480 enim
1892 1418 2001 1480 soli
2053 1418 2212 1502 apud
2266 1419 2535 1483 IIvirum
2588 1420 2796 1485 muni-

531 1546 787 1633 cipalem
839 1547 1261 1609 manumittere
1311 1551 1564 1629 possunt
1590 1569 1608 1620 3
1662 1543 1879 1607 incolis
1932 1567 2070 1608 vero
2120 1568 2242 1608 non
2291 1546 2467 1624 licet,
2514 1548 2635 1611 nisi
2669 1550 2797 1633 pri·

533 1672 753 1757 vilegio
801 1693 1150 1736 concessum
1201 1671 1382 1734 fuerit
1407 1672 1455 1753 ²)
1481 1698 1499 1748 3
1556 1692 1752 1753 neque
1802 1672 1865 1733 in
1917 1671 2030 1735 hac
2079 1694 2257 1735 causa
2308 1672 2545 1753 differt,
2580 1683 2797 1741 utrum

535 1799 770 1863 incolae
819 1798 942 1859 sint
991 1798 1146 1859 cives
1197 1797 1452 1859 Romani
1503 1819 1579 1859 an
1631 1796 1862 1860 Latini.

724 1925 912 1989 Plura
962 1924 1034 1985 de
1078 1924 1501 2007 Jurisdictione
1555 1926 1893 1989 voluntaria
1941 1926 2405 2010 magistratuum
2452 1930 2798 2015 municipa-

536 2052 686 2115 lium
737 2073 858 2114 non
911 2050 1233 2112 traduntur
1281 2051 1340 2111 in
1395 2050 1637 2133 legibus
1689 2054 1943 2128 nostrie,
2000 2062 2301 2129 attamen,
2338 2054 2477 2117 licet
2507 2057 2797 2139 jurisdic-

535 2178 717 2241 tionis
766 2200 888 2240 non
941 2178 1059 2252 sit,
1095 2199 1228 2239 cum
1267 2200 1336 2239 ea
1369 2178 1685 2240 cohaerere
1724 2179 2079 2261 videturjus
2108 2180 2289 2242 dandi
2327 2184 2581 2257 tutor-ie,
2620 2184 2798 2267 quod

536 2304 740 2369 IIviro
790 2304 921 2387 lege
972 2304 1337 2386 Salpensana
1386 2304 1696 2366 tribuitur.
1750 2305 1891 2367 Non
1945 2307 2235 2388 competit
2283 2308 2372 2386 ei,
2424 2311 2563 2391 quio
2602 2311 2795 2393 juris-

535 2433 801 2496 dictione
875 2433 1221 2496 continetur
1247 2433 1336 2515 3),
1412 2440 1677 2495 attamen
1737 2433 2187 2516 quodammodo
2237 2435 2312 2497 ad
2370 2436 2639 2501 officium
2682 2439 2794 2522 jus

541 2561 797 2626 dicentis
848 2562 1111 2645 pertinet
1137 2562 1205 2644 ⁴).

723 2691 1172 2772 Praescriptum
1246 2689 1434 2773 legis:
1511 2689 1696 2753 IIviri
1769 2713 1894 2753 esse
1942 2691 2161 2754 tutoris
2210 2691 2559 2768 dationem,
2610 2695 2798 2760 vehe-

533 2821 769 2881 menter
817 2816 1084 2879 tur-bavit
1137 2818 1328 2880 virum
1380 2816 1458 2880 cl.
1508 2837 1914 2892 Laeonum,
1964 2825 2034 2880 ut
2084 2827 2335 2902 apparet
2374 2842 2448 2882 ex
2483 2819 2679 2883 verbis
2701 2822 2791 2906 ⁵):

538 2945 761 3023 „Cette
809 2945 1028 3009 tutoris
1077 2945 1244 3009 datio
1294 2967 1402 3030 par
1450 2945 1555 3009 des
1607 2945 1946 3030 magistrats
1997 2945 2395 3029 municipaux
2441 2952 2535 3010 est
2570 2968 2791 3012 encore

531 3230 611 3294 qui
648 3232 847 3279 Latinus
883 3232 974 3278 erit
1010 3230 1136 3293 apud
1176 3230 1358 3278 IIviros
1395 3232 1474 3292 qni
1507 3231 1614 3294 jure
1652 3230 1860 3279 dicundo
1898 3233 2161 3292 praeerunt
2196 3231 2298 3293 ejus
2325 3230 2573 3293 municipii
2598 3246 2793 3282 servum

531 3331 672 3363 sunm
725 3330 968 3362 servamve
1004 3330 1136 3361 suam
1175 3330 1230 3362 ex
1266 3316 1493 3362 servitute
1532 3317 1577 3362 in
1619 3314 1887 3363 libertatem
1927 3315 2251 3362 manumiserit
2292 3315 2491 3364 liberum
2530 3317 2793 3365 liberamve

533 3413 634 3446 esse
684 3397 879 3460 jusserit
915 3427 978 3438 —-
1014 3400 1092 3460 qui
1147 3398 1213 3444 ita
1269 3401 1586 3447 manumissus
1642 3399 1819 3446 liberve
1875 3415 1975 3446 esse
2008 3399 2165 3460 jussus
2202 3399 2292 3446 erit
2330 3399 2450 3446 liber
2484 3407 2587 3447 esto
2611 3400 2656 3457 ‚'’
2697 3406 2792 3451 cet.

529 3483 844 3532 Lanounam
897 3484 944 3530 in
1001 3483 1186 3544 Opere:
1240 3484 1308 3528 les
1363 3485 1525 3530 Tables
1578 3500 1623 3546 p.
1664 3485 1727 3530 24
1764 3489 1847 3530 not
1886 3486 1966 3531 34.
2006 3485 2121 3530 citat
2158 3482 2307 3545 legem
2351 3483 2372 3530 l
2415 3484 2490 3541 §1
2526 3486 2580 3530 D.
2609 3485 2669 3531 de
2707 3488 2796 3548 qff.

536 3583 662 3616 cons.
699 3565 852 3626 (1.10)
891 3566 972 3614 ubi
1011 3565 1228 3613 consules
1264 3566 1491 3614 dicuntur
1528 3571 1575 3614 et
1611 3568 1809 3614 seorsim
1850 3567 2023 3628 singuli
2060 3567 2423 3623 manumittere,
2452 3572 2499 3614 et
2522 3569 2655 3615 addit
2682 3585 2801 3619 cum

531 3670 586 3702 ea
624 3669 716 3701 non
741 3653 1010 3700 convenire
1047 3668 1216 3698 nomen
1257 3651 1441 3714 plurale
1479 3652 1621 3715 (apud
1663 3653 1863 3709 miros)
1902 3653 1948 3699 in
1988 3651 2075 3698 hac
2113 3650 2240 3711 lege3
2268 3651 2372 3698 vide
2396 3657 2566 3699 contra
2591 3665 2794 3704 cunm>

532 3737 582 3787 iu
647 3737 733 3799 Op.
791 3738 825 3786 l.
879 3752 927 3800 p.
984 3735 1098 3792 103,
1163 3736 1258 3783 104
1295 3740 1342 3782 et
1376 3749 1572 3783 Ani-turs
1608 3737 1658 3783 in
1700 3737 1949 3784 Commrnt.
1981 3751 2111 3796 supr.
2147 3737 2181 3783 l.
2218 3735 2455 3783 Kritisoke
2502 3737 2801 3787 Uebersckaae

538 3838 586 3885 p.
623 3822 742 3870 418.

677 3905 710 3960 ¹)
779 3903 1036 3952 Probabile
1066 3903 1164 3965 jam
1193 3903 1247 3949 fit
1283 3919 1338 3950 ex
1375 3902 1463 3950 hac
1499 3903 1601 3966 ipsa
1638 3902 1755 3964 legis
1791 3903 1917 3966 Salp.
1945 3903 2166 3966 periodO‚
2192 3917 2284 3965 qua
2308 3901 2448 3950 IIviri
2470 3907 2601 3950 certe
2622 3905 2801 3966 prohi—

534 3989 710 4036 bentur
757 4003 918 4034 servos
974 3988 1264 4050 municipum
1302 3987 1476 4034 civium
1520 3987 1839 4035 Romanorum
1879 3987 2241 4039 manumittere;
2282 3984 2409 4047 quod
2450 3995 2805 4039 arzumeutnm

541 4072 656 4121 satis
695 4073 881 4119 firmum
921 4087 1020 4118 esse
1058 4072 1246 4120 videtur
1281 4072 1561 4134 Salpensam
1596 4072 1909 4134 municipium
1946 4072 2169 4120 Latinum
2204 4070 2367 4118 fuisse.
2406 4070 2735 4122 chnunonrr
2754 4074 2810 4123 in

541 4159 677 4219 Βίῳ.
719 4157 830 4206 orit.
869 4173 917 4220 p.
958 4157 1036 4204 19.

681 4241 719 4300 ’1)
793 4241 911 4288 Vide
949 4254 1203 4289 mommsen
1238 4242 1418 4290 Stadlr.
1455 4256 1506 4305 p.
1542 4242 1642 4288 434
1677 4245 1782 4290 not.
1822 4240 1940 4290 128.

679 4324 718 4386 ³)
787 4324 909 4372 Vide
946 4325 1037 4386 leg.
1075 4325 1104 4372 6
1143 4329 1166 4386 §
1204 4326 1250 4374 2.
1288 4325 1349 4374 D.
1384 4326 1445 4373 de
1479 4325 1639 4373 tutelis
1672 4326 1842 4384 <26.1).

675 4408 718 4469 4)
789 4407 908 4456 Vide
944 4422 1214 4458 nerianum
1253 4409 1300 4455 in
1338 4408 1442 4472 lege
1483 4409 1528 4458 1.
1564 4407 1623 4455 D.
1666 4409 1725 4456 de
1744 4407 2085 4472 jurisdictione
2120 4407 2258 4468 (2.1).

677 4493 718 4556 ³)
791 4493 849 4540 In
887 4491 1048 4556 Opere
1083 4495 1149 4541 Iee
1190 4493 1352 4542 Tables
1387 4497 1476 4542 etc.
1516 4511 1563 4557 p.
1603 4494 1664 4540 25
1704 4496 1807 4541 not.
1846 4492 1927 4541 39.
