3027 5263
1646 505 1728 567 12

562 697 680 756 tur.
778 695 1185 760 Dom'mmus
1260 697 1422 778 leges
1484 695 1668 776 tulit,
1724 700 1968 760 senatus
2016 696 2390 780 rogationem
2455 695 2811 782 comproba·

562 818 686 896 vit,
760 823 1045 905 quofaoto
1079 793 1273 888 'nihil
1346 823 1603 908 amplius
1675 822 2093 907 requirebatur
2165 845 2346 908 quam
2419 823 2809 888 confirmatio

563 945 695 1010 Soti
755 971 861 1034 per
929 951 1256 1036 populum,
1310 973 1464 1036 quae
1515 973 1654 1016 oum
1705 957 1910 1015 secuta
1959 956 2150 1030 esset,
2199 956 2359 1015 reete
2406 952 2559 1032 ἔρρεε
2607 953 2813 1016 vocari

563 1073 836 1158 potuisse
907 1077 1209 1143 videntur.
1307 1078 1658 1163 Antequam
1735 1079 1892 1142 hano
1961 1083 2197 1163 partem
2269 1077 2576 1142 absolvam
2624 1077 2815 1142 etiam

563 1199 890 1266 reiioienda
950 1209 1040 1268 est
1087 1204 1334 1289 opinio,
1389 1227 1569 1289 quam
1619 1205 1796 1290 petiit
1845 1225 2157 1270 MOMMSEN
2205 1227 2279 1269 ex
2325 1205 2455 1291 ipsa
2503 1205 2634 1291 lege
2682 1205 2816 1268 Sal-

565 1349 832 1413 pensana
871 1331 934 1417 ¹).
986 1331 1142 1396 Cum
1192 1332 1356 1397 enim
1404 1333 1472 1397 in
1508 1333 1725 1418 Capite
1776 1335 1859 1396 26
1896 1333 2047 1418 legis
2097 1332 2260 1418 Salp.
2295 1333 2490 1418 legem
2522 1331 2816 1411 „datam”

565 1475 693 1519 esse
741 1457 1035 1542 seriptum
1084 1459 1342 1536 videret,
1411 1459 1558 1524 inde
1606 1459 1804 1524 effecit
1850 1459 2013 1546 leges
2062 1459 2436 1525 descendisse
2482 1481 2559 1523 ex
2604 1465 2810 1544 potes-

562 1587 687 1646 tate
735 1583 980 1669 legifera
1041 1585 1434 1672 Imperatoris
1485 1587 1543 1651 ei
1590 1586 1723 1672 lege
1770 1587 1937 1672 regia
1986 1610 2022 1650 a
2069 1586 2298 1671 populo
2348 1587 2649 1652 mandata.
2698 1586 2811 1650 Me

557 1707 766 1791 judice
838 1718 1042 1776 tamen
1116 1733 1352 1775 summo
1410 1713 1547 1797 jure
1596 1712 1671 1776 ol.
1721 1732 2031 1777 mnoxsnn
2080 1718 2285 1776 contra
2344 1711 2490 1776 haec
2545 1713 2817 1777 animad-

565 1836 746 1900 vertit
795 1837 952 1902 hanc
983 1838 1307 1904 formulam
1343 1841 1569 1920 „leqem
1602 1838 1784 1903 dard'
1816 1839 1999 1903 nimis
2034 1837 2423 1924 premendam
2470 1861 2598 1903 non
2646 1863 2814 1918 esse,

566 1983 706 2026 cum
781 1987 926 2028 usus
977 1965 1276 2032 formulae
1324 1966 1643 2031 cuiusdam
1692 1968 1939 2031 omnino
1988 1988 2112 2030 non
2161 1964 2377 2051 probet
2426 1971 2629 2030 actum
2692 1967 2817 2032 for-

563 2088 730 2154 mula
799 2091 1209 2178 significatum
1265 2095 1467 2160 locum
1516 2094 1816 2159 habuisse.
1912 2093 2406 2178 Disputationem
2454 2115 2623 2157 suam
2674 2093 2820 2159 illu-

565 2222 719 2282 strat
783 2222 1103 2306 exemplis,
1152 2222 1316 2287 unde
1363 2227 1562 2309 patet,
1614 2221 1777 2308 apud
1827 2242 2057 2301 ouum,
2133 2241 2493 2299 uLPmNUM,
2567 2221 2689 2285 imo
2740 2221 2809 2286 in

565 2343 790 2410 Codice
853 2347 1277 2414 Theodosiano
1341 2349 1634 2415 formulas
1685 2351 1908 2430 „leqem
1958 2369 2199 2429 roqare,
2233 2347 2458 2432 ferrd’
2506 2348 2806 2425 inveniri,

569 2491 708 2540 cum
747 2473 875 2557 jam
924 2475 1032 2540 diu
1079 2483 1251 2543 actus
1299 2476 1577 2542 formulis
1624 2475 1947 2563 significati
1996 2473 2433 2540 obsolevissent
2457 2474 2533 2559 ²).
2633 2474 2811 2540 Prae·

568 2602 733 2665 terea
779 2601 1002 2668 mirum
1050 2603 1288 2669 videtur
1337 2604 1581 2670 eosdem
1630 2603 1734 2689 qui
1770 2602 2053 2669 hocloco
2086 2607 2317 2667 tantam
2363 2602 2487 2667 vim
2534 2601 2811 2668 formulis

569 2725 876 2809 tribuant,
953 2730 1116 2797 idem
1163 2754 1287 2797 non
1335 2732 1531 2798 faeere
1583 2754 1719 2797 cum
1769 2730 2004 2813 „Zeqes”
2051 2737 2187 2816 post
2235 2751 2543 2797 ‘nmmum
2591 2752 2806 2796 memo-

570 2859 730 2919 ratas
777 2856 1038 2925 videant.

714 3032 752 3097 1)
819 3034 973 3085 stadt.
1009 3050 1059 3100 p.
1096 3036 1223 3096 393,
1260 3036 1377 3087 394.

710 3117 751 3178 2)
824 3118 931 3171 vid.
965 3119 1015 3169 in
1055 3120 1302 3173 Commeat.
1337 3119 1466 3172 laud.
1503 3136 1553 3185 p.
1590 3120 1717 3181 680,
1756 3121 1847 3179 81,
1887 3123 1989 3171 not..
2024 3122 2075 3170 8.
