3027 5263
1614 539 1699 601 92

533 729 783 798 habebit
831 732 1076 817 praedes
1121 734 1190 797 in
1237 753 1559 799 commune
1625 731 2005 817 municipum
2038 731 2210 813 dato,
2264 734 2587 819 pecuniam
2622 756 2796 800 com-

531 879 780 923 munem
851 881 1096 939 eorum,
1171 882 1356 946 quam
1403 860 1472 925 in
1521 860 1749 925 honore
1813 881 1924 923 suo
1997 860 2377 939 tractaverit,
2426 860 2661 925 salvam
2706 861 2793 927 iis

533 982 730 1049 fore.'’
825 984 1224 1071 Perspicuum
1288 994 1381 1052 est
1442 986 1913 1073 praestationem
1984 985 2287 1051 cautionis
2359 986 2797 1053 condicionem

535 1131 660 1176 oese
705 1111 838 1177 sine
909 1135 1032 1199 qua
1109 1114 1342 1179 nullius
1389 1116 1545 1179 ratio
1601 1112 1812 1179 haberi
1859 1112 2052 1199 possit
2067 1138 2085 1191 3
2132 1112 2425 1198 jubentur
2474 1114 2641 1179 enim
2688 1114 2788 1179 illi

535 1237 844 1303 candidati
891 1261 1131 1319 cavere,
1182 1248 1494 1326 antequam
1541 1240 1885 1327 suffraqium
1914 1241 2195 1325 feratur.

721 1365 1047 1432 Dubitatio
1110 1375 1316 1433 autem
1379 1367 1456 1432 de
1524 1367 1637 1432 hac
1686 1390 1749 1431 re
1797 1367 1849 1430 si
1898 1389 2021 1451 qua
2083 1368 2188 1444 sit,
2252 1387 2496 1451 prorsus
2546 1365 2794 1433 tollitur

533 1492 588 1555 si
637 1493 1014 1560 conferamus
1062 1495 1395 1562 clausulam
1443 1494 1714 1581 ejusdem
1766 1494 2041 1580 Capitis,
2092 1492 2204 1558 ubi
2239 1492 2419 1558 verba
2448 1493 2784 1579 leguntur:

537 1620 702 1699 „Per
749 1644 933 1706 quem
982 1646 1191 1689 eorum
1239 1624 1314 1688 de
1363 1623 1589 1709 quibus
1643 1622 1977 1688 Hvirorum
2010 1628 2471 1707 quaestorumve
2519 1622 2791 1686 comitiis

539 1747 898 1833 suffragium
945 1748 1088 1813 ferri
1146 1748 1488 1834 oportebit,
1538 1750 1771 1814 steterit
1818 1771 1940 1835 quo
2000 1749 2205 1813 minus
2253 1754 2415 1813 recte
2463 1754 2787 1828 caveatur,

540 1873 664 1955 ejus
710 1874 819 1960 qui
868 1874 1115 1939 comitia
1163 1873 1410 1940 habebit
1457 1876 1746 1941 rationem
1790 1896 1864 1939 ne
1908 1874 2153 1939 babeto”
2192 1876 2256 1961 ¹).

725 1999 954 2067 Mirum
1004 2024 1127 2067 non
1176 2009 1270 2066 est
1315 2003 1531 2067 IIviris
1580 2009 1642 2067 et
1687 2002 2107 2088 quaestoribus
2140 2025 2336 2088 neque
2368 2011 2575 2067 tamen
2624 2003 2793 2067 aedi-

537 2123 698 2190 libus
745 2128 902 2193 hanc
949 2130 1294 2195 cautionem
1367 2130 1787 2215 praestandam
1837 2152 1996 2208 esse3
2044 2130 2137 2194 illi
2185 2130 2346 2193 enim
2396 2129 2515 2193 soli
2564 2134 2791 2217 gerunt

536 2252 606 2318 in
653 2255 964 2341 republica
994 2257 1074 2341 ²);
1128 2257 1352 2323 aediles
1399 2264 1603 2323 autem
1654 2256 1927 2321 Malacae
1976 2278 2104 2321 sese
2136 2256 2647 2322 administrationi
2684 2280 2793 2343 pe-

541 2382 754 2447 cuniae
802 2382 1085 2467 publicae
1133 2385 1471 2449 immiscere
1520 2408 1646 2449 non
1694 2389 1954 2470 possunt
1988 2382 2053 2469 ³).

725 2508 820 2572 De
868 2504 1006 2593 ipsa
1069 2511 1384 2589 cautione,
1452 2532 1608 2596 quae
1672 2510 1856 2574 fuerit
1920 2509 2415 2595 disquisitionem
2461 2509 2791 2577 instituere

539 2634 724 2700 huius
758 2635 876 2700 loci
927 2659 1054 2701 non
1103 2644 1192 2702 est
1207 2663 1228 2716 3
1279 2638 1502 2703 sufficit
1552 2661 1793 2704 monere
1841 2639 2187 2704 cautionem
2219 2639 2569 2724 requisitam
2599 2638 2791 2706 fuisse

517 2767 613 2826 'ut
659 2762 790 2826 eius
835 2765 943 2850 qui
992 2765 1324 2831 IIviratum
1375 2767 1472 2832 vel
1520 2773 1904 2855 quaesturam
1948 2773 2180 2852 peteret
2211 2765 2487 2832 Malacae
2518 2767 2788 2832 comitiis

539 2888 695 2954 ratio
745 2889 952 2957 haberi
1000 2898 1222 2978 posset.

690 3169 726 3233 ¹)
795 3171 935 3220 Hanc
958 3187 1150 3220 causam
1172 3187 1293 3235 qnae
1316 3187 1391 3221 me
1411 3171 1572 3235 judice
1590 3169 1778 3220 nullum
1795 3168 1994 3218 dubium
2012 3166 2241 3232 relinquit
2265 3168 2466 3217 fortasse
2484 3183 2582 3218 non
2602 3170 2789 3234 attigis-

543 3268 661 3312 sem,
685 3254 780 3304 nisi
807 3271 959 3320 nuper
992 3257 1080 3307 Dr.
1119 3269 1297 3306 mvmn
1320 3256 1371 3306 in
1412 3257 1561 3319 Opere
1591 3256 1721 3304 laud.
1756 3271 1807 3319 p.
1832 3255 1918 3304 49.
1952 3253 2097 3303 aliam
2131 3254 2418 3303 sententiam
2439 3255 2786 3320 proposuisset3

543 3337 663 3388 dicit
698 3339 850 3389 enimz
909 3339 1044 3398 „Nur
1093 3341 1196 3390 eine
1245 3341 1311 3390 ist
1364 3342 1538 3392 hervor
1588 3357 1647 3390 zu
1681 3340 1863 3398 heben,
1915 3339 2127 3388 namlich
2162 3339 2271 3388 dass
2307 3339 2385 3388 die
2419 3339 2654 3404 Leistung
2706 3341 2793 3390 der

544 3421 752 3472 Caution
797 3425 916 3473 nach
949 3423 1033 3474 der
1069 3429 1225 3474 ersten
1265 3425 1559 3490 Beeidigung
1592 3425 1766 3475 seitens
1802 3425 1967 3474 dessen
2002 3424 2091 3488 qui
2122 3422 2319 3473 comitia
2356 3424 2524 3483 habet,
2574 3425 2673 3474 und
2708 3441 2793 3475 vor

544 3507 630 3557 der
653 3507 997 3559 Renuntiation
1019 3513 1139 3560 statt
1161 3511 1327 3561 findet.
1363 3511 1540 3562 Beides
1556 3547 1571 3570 ,
1604 3511 1802 3559 Schwur
1828 3510 1925 3558 und
1944 3508 2148 3558 Caution
2168 3509 2233 3558 ist
2252 3509 2588 3572 nothwendige
2609 3509 2793 3560 Vorbc·

543 3592 758 3657 dingung
792 3593 876 3644 der
912 3595 1307 3647 Renuntiation.”
1377 3597 1638 3646 Contendit
1671 3595 1816 3658 igitur
1851 3598 1955 3644 tum
1992 3595 2181 3643 demum
2217 3595 2487 3643 cautionem
2517 3609 2617 3642 esse
2653 3610 2793 3660 prae·

545 3679 767 3729 standam
807 3695 917 3730 cum
963 3681 1068 3745 quis
1103 3681 1281 3730 electus
1315 3683 1377 3730 sit
1425 3685 1475 3730 et
1513 3681 1764 3744 juraverit.
1836 3680 1936 3729 Lex
1982 3678 2274 3729 Malacitana
2310 3678 2444 3743 (Cap.
2482 3681 2567 3740 60)
2602 3683 2790 3740 tamen,

546 3765 618 3813 uti
654 3766 901 3830 apparuit,
941 3767 1143 3815 totidem
1176 3767 1336 3815 verbis
1372 3766 1670 3816 contrarium
1707 3764 1842 3814 dicit.
1884 3765 2061 3812 Ansam
2089 3764 2288 3813 fortasse
2324 3764 2559 3813 dederunt
2576 3765 2795 3829 opinioni

544 3849 638 3898 viri
676 3865 807 3900 cons.
841 3863 1018 3902 mvlnn
1053 3851 1197 3902 verba
1231 3851 1412 3916 Capitis
1439 3849 1502 3901 57
1528 3851 1648 3916 legis
1684 3849 2035 3908 Malacitanae,
2062 3848 2143 3898 ubi
2179 3864 2326 3913 quum
2351 3849 2410 3896 de
2434 3849 2671 3913 suffragiis
2696 3849 2797 3898 sin·

545 3934 766 3998 gularum
802 3937 1041 3986 curiarum
1076 3937 1409 3987 enumerandis
1435 3937 1625 4002 agitur,
1662 3936 1909 3985 adduntur
1936 3936 2072 3988 haec:
2112 3938 2195 3994 „et
2218 3935 2287 3984 uti
2312 3934 2511 3998 quisque
2534 3935 2669 3999 prior
2693 3951 2796 3985 ma·

540 4019 697 4084 jorem
732 4025 916 4084 partem
952 4023 1190 4071 curiarum
1225 4023 1484 4072 confecerit
1520 4039 1627 4072 eum
1662 4037 1771 4071 cum
1806 4022 1893 4070 hac
1926 4021 2029 4084 lege
2060 4019 2297 4083 juraverit
2323 4019 2593 4084 caveritque
2627 4019 2689 4070 de
2710 4035 2796 4085 pe-

547 4105 689 4154 cnnia
725 4107 964 4154 communi
998 4107 1177 4156 factum
1212 4111 1517 4171 creatumque
1553 4108 1825 4156 renuntiato
1838 4106 1884 4165 ;‘’
1937 4105 2232 4168 negligenter
2268 4105 2383 4154 haec
2418 4104 2641 4170 periodus
2679 4120 2797 4154 eon·

549 4192 687 4254 cepta
724 4205 826 4239 esse
861 4191 1098 4248 videatur3
1141 4192 1201 4242 de
1235 4193 1470 4241 sententia
1507 4195 1663 4240 tamen
1701 4191 1843 4256 legis,
1879 4191 1922 4240 si
1956 4191 2233 4239 conferatur
2268 4189 2385 4256 Cap.
2417 4189 2483 4239 60
2518 4187 2638 4254 legis
2673 4189 2799 4243 Mal.

547 4274 758 4324 dubitari
794 4277 975 4339 nequit.

691 4360 730 4423 2)
799 4360 918 4410 Vide
953 4361 1043 4427 leg.
1081 4363 1110 4412 2
1147 4378 1223 4427 pr.
1259 4367 1306 4411 et
1342 4364 1364 4422 §
1406 4363 1429 4410 1
1469 4362 1530 4413 D.
1564 4363 1631 4410 ad
1661 4377 1787 4410 mun.
1824 4361 1997 4424 (50.1).

687 4445 729 4507 ³)
801 4445 942 4511 Quod
978 4447 1152 4498 diserte
1187 4449 1386 4512 apparet
1422 4462 1478 4495 ex
1516 4446 1686 4510 Capite
1722 4446 1787 4495 66
1823 4447 1943 4510 lepis
1982 4445 2099 4494 Mal.
