3027 5263
1321 572 1444 631 103

239 765 507 834 incolam
555 770 796 830 tantum
861 764 922 827 in
973 762 1139 839 loco,
1194 760 1299 825 ubi
1361 760 1673 847 municeps
1728 762 1847 841 sit,
1915 769 2175 829 tutorem
2225 767 2495 853 accipere

243 917 424 981 posse
467 895 531 978 ¹).
629 892 804 955 Idem
857 889 920 953 in
973 910 1157 954 causa
1203 888 1708 952 manumissionis
1758 888 2034 955 obtinere
2082 894 2385 977 apparuit.

437 1021 504 1084 Si
551 1019 627 1082 ad
678 1018 857 1082 verba
909 1017 1144 1102 Capitis
1212 1017 1410 1101 priora
1459 1016 1765 1094 attendas,
1819 1040 1973 1101 quae
2006 1024 2243 1083 tantum
2295 1020 2369 1085 de
2403 1026 2497 1085 tu·

243 1155 383 1213 tore
445 1146 730 1225 municipi
776 1143 978 1207 dando
1026 1143 1394 1207 mentionem
1443 1142 1676 1207 faciant
1736 1150 2005 1209 attamen
2050 1168 2175 1210 non
2226 1147 2499 1211 indicent

244 1276 425 1341 cuius
485 1273 722 1358 generis
785 1269 1194 1355 municipibus
1243 1275 1408 1333 tutor
1455 1270 1585 1334 dari
1634 1271 1850 1355 possit,
1904 1271 2097 1336 videri
2144 1280 2345 1358 posset
2394 1273 2490 1339 11-

250 1403 366 1468 viri
438 1424 567 1467 esse
640 1400 988 1483 cuicunque
1058 1398 1349 1483 municipi
1412 1404 1677 1462 tutorem
1740 1399 1899 1462 dare.
2000 1400 2292 1481 Quamvis
2340 1423 2500 1467 com·

245 1530 455 1616 plures
502 1529 860 1612 interpretes
893 1525 943 1609 ²)
1004 1524 1366 1589 sententiam
1424 1524 1593 1588 illam
1651 1530 1940 1590 tueantur
1988 1527 2077 1590 illi
2118 1529 2498 1612 acquiescere

243 1680 372 1722 non
409 1678 696 1741 possum3
733 1677 937 1717 verum
974 1652 1216 1737 quidem
1246 1658 1336 1715 est
1364 1660 1497 1737 post
1525 1652 1731 1717 verba:
1786 1654 1893 1731 „Si
1922 1654 1974 1717 is
2010 1677 2149 1719 eave
2184 1656 2497 1741 municeps

245 1783 569 1867 municipii
616 1782 815 1845 Flavii
866 1778 1226 1863 Salpensani
1259 1779 1408 1844 erit'’
1458 1780 1525 1842 in
1572 1779 1705 1864 lege
1752 1801 1877 1843 non
1912 1781 2118 1844 addita
2152 1805 2283 1846 esse
2314 1783 2497 1848 verba

245 1911 488 1995 Capitis
543 1913 625 1971 28
673 1908 829 1991 legis
893 1907 1300 1991 Salpensanae
1364 1907 1520 1989 „qui
1569 1905 1779 1970 Latini
1844 1907 2090 1987 erunt”;
2144 1916 2409 1973 attamen
2443 1910 2496 1973 si

239 2034 590 2103 conferatur
616 2033 891 2098 clausula
924 2032 1162 2117 Capitis
1201 2036 1318 2110 29,
1353 2034 1736 2117 perspicuum
1766 2035 1835 2097 fit
1860 2033 1935 2097 de
1961 2035 2040 2098 iis
2064 2041 2303 2100 tantum
2332 2058 2493 2100 men-

239 2166 478 2229 tionem
525 2164 674 2227 fieri.
725 2161 825 2227 Ibi
875 2161 1036 2224 enim
1087 2166 1334 2224 cautum
1391 2166 1512 2225 est:
1590 2160 1767 2241 „Qui
1801 2168 1969 2223 tutor
2000 2163 2114 2225 hac
2145 2162 2279 2247 lege
2314 2164 2492 2226 datus

241 2293 400 2369 erit,
475 2292 530 2354 is
603 2290 698 2366 ei,
772 2289 871 2351 cui
936 2287 1114 2350 datus
1177 2288 1326 2365 erit,
1394 2308 1518 2370 quo
1589 2309 1667 2349 ne
1716 2286 1790 2349 ab
1842 2288 2005 2371 justo
2055 2295 2256 2351 tutore
2303 2288 2499 2352 tutela

239 2418 458 2496 abeat,
509 2424 632 2479 tam
687 2415 887 2499 justus
949 2423 1116 2478 tutor
1189 2419 1352 2490 esto,
1418 2435 1600 2498 quam
1658 2413 1709 2476 si
1759 2413 1810 2477 is
1878 2414 2027 2477 civis
2075 2415 2387 2479 Romanus
2434 2422 2501 2480 et

240 2551 502 2631 agnatus
568 2543 877 2628 proximus
941 2540 1090 2604 civis
1157 2541 1466 2604 Romanus
1513 2546 1682 2604 tutor
1730 2540 1946 2605 esset.”
2040 2543 2313 2627 Apparet
2360 2564 2497 2628 pro-

242 2675 346 2739 cul
397 2673 580 2737 dubio
641 2695 716 2734 ex
777 2671 892 2733 hac
955 2668 1239 2753 periodo,
1293 2691 1428 2732 eum
1483 2669 1583 2732 cui
1632 2675 1796 2733 tutor
1845 2669 2087 2733 daretur
2135 2692 2261 2734 non
2310 2670 2499 2735 fuisse

237 2802 436 2868 civem
483 2800 862 2873 Romanum,
915 2819 1037 2882 quo
1099 2797 1256 2860 facto
1305 2795 1564 2859 dubium
1628 2817 1761 2858 esse
1809 2798 2057 2880 nequit,
2109 2797 2259 2881 quin
2307 2797 2497 2862 fuerit

240 2931 314 2994 in
363 2929 564 2991 animo
613 2924 1013 3010 legislatoris,
1067 2922 1170 2987 ubi
1222 2922 1401 2986 initio
1451 2922 1683 3006 Capitis
1739 2923 1958 2986 tutoris
2007 2923 2316 2989 dationem
2351 2947 2494 2990 con-

231 3054 484 3120 cesserit
531 3052 764 3129 IIviro,
814 3055 1196 3136 praeceptum
1249 3047 1405 3112 illud
1444 3049 1805 3134 restringere
1854 3047 1931 3112 ad
1966 3050 2302 3134 municipes
2352 3057 2485 3115 tan-

237 3188 382 3246 tum
428 3179 682 3244 Latinos
727 3177 796 3260 3).

427 3306 644 3389 Neque
692 3310 893 3366 tamen
943 3310 1188 3387 propter
1221 3301 1376 3365 hanc
1409 3323 1650 3366 causam
1685 3301 1983 3366 contendo
2019 3301 2219 3366 IIviro
2256 3303 2319 3366 in
2357 3325 2489 3367 mu-

235 3432 486 3518 nicipiis
533 3431 756 3496 Flaviis
804 3428 1090 3493 facultate
1139 3429 1359 3492 tutoris
1407 3429 1595 3492 dandi
1631 3428 2043 3514 municipibus
2084 3428 2322 3493 civibus
2370 3430 2491 3494 Ro-

239 3560 440 3627 manis
490 3557 880 3622 interdictum
930 3557 1152 3635 fuisse,
1209 3557 1362 3620 illud
1413 3563 1615 3620 tamen
1666 3579 1739 3619 ex
1788 3556 2003 3640 Capite
2042 3559 2125 3619 29
2176 3555 2329 3642 legis
2376 3556 2499 3620 Sal-

237 3710 542 3775 pensanae
588 3709 712 3750 non
761 3686 1082 3769 consequi,
1137 3692 1388 3748 conatus
1437 3706 1570 3748 sum
1623 3683 1953 3747 ostendere.

429 3814 562 3878 Hac
612 3835 795 3876 causa
843 3812 919 3877 ad
969 3813 1154 3877 finem
1203 3810 1496 3898 perducta
1546 3811 1621 3876 de
1646 3809 2074 3895 jurisdictione
2106 3809 2487 3875 contentiosa

232 3941 572 4008 IIvirorum
624 3941 938 4024 disputare
986 3939 1148 4004 licet.

385 4135 420 4196 ¹)
488 4135 662 4182 Errare
698 4134 885 4181 videtur
929 4134 976 4181 iu
1025 4133 1115 4180 hac
1163 4146 1304 4180 causa
1342 4145 1390 4181 v.
1425 4143 1648 4179 saviam?
1698 4130 1745 4177 in
1784 4129 1974 4193 Opere:
2011 4129 2187 4194 System
2223 4130 2307 4178 dec
2346 4130 2492 4178 Heut.

233 4223 329 4270 cet.
370 4220 399 4270 8
469 4252 482 4265 .
523 4219 637 4266 341.

378 4235 466 4364 ²)p
490 4304 598 4352 vid.
633 4315 916 4359 nonusnit,
954 4302 1266 4361 Stadii-echte,
1307 4317 1353 4364 p.
1391 4301 1507 4350 439.
1580 4301 1808 4358 Grnaon,
1855 4300 1939 4360 op.
1984 4299 2018 4347 l.
2054 4313 2102 4362 p.
2146 4299 2261 4350 155.
2296 4311 2483 4348 »σηοω

234 4389 284 4438 in
330 4390 416 4450 Op.
449 4389 482 4435 l.
519 4403 567 4450 p.
607 4388 721 4435 121.

379 4471 422 4533 ³)
491 4471 564 4522 cf.
601 4485 851 4522 Drncsssnn
888 4473 936 4522 in
979 4473 1224 4522 Comment.
1262 4471 1392 4520 laud.
1429 4487 1476 4534 p.
1519 4469 1634 4520 703.
