3027 5263
1567 527 1648 590 ⁷6

481 722 620 807 quis
650 722 924 789 aedificia
965 723 1301 789 destrueret
1333 743 1486 807 qnae
1520 721 1911 787 restituturus
1960 742 2083 785 non
2116 728 2295 786 esset.
2345 722 2549 787 Verba
2578 722 2737 810 legis

481 847 840 917 audiamus:
936 850 1080 929 „Ne
1131 850 1272 935 quis
1323 850 1387 913 in
1437 848 1663 935 oppido
1728 848 2048 934 municipii
2096 848 2290 913 Flavii
2332 848 2729 932 Malacitani,

482 995 757 1060 quaeque
803 975 861 1040 ei
893 976 1116 1063 oppido
1151 976 1532 1041 continentia
1564 975 1835 1040 aedificia
1869 981 2050 1040 erunt
2066 1024 2085 1054 ,
2122 976 2466 1041 aedificium
2500 977 2735 1063 detegi·

411 1071 426 1087 ο
483 1107 576 1182 to,
645 1102 967 1183 destruito,
1052 1103 1591 1168 demoliundumve
1646 1108 1892 1181 curato,
1966 1102 2091 1167 nisi
2140 1103 2543 1167 decurionum
2590 1126 2733 1169 con-

482 1228 924 1314 scriptorumve
973 1232 1313 1309 sententia,
1363 1251 1504 1294 cum
1554 1229 1743 1293 maior
1784 1252 1923 1315 pars
1956 1251 2162 1293 eorum
2212 1229 2511 1309 adfuerit,
2562 1231 2732 1315 qnod

482 1355 874 1421 restituturus
920 1358 1080 1421 intra
1126 1358 1472 1443 proximum
1523 1377 1754 1420 annum
1818 1377 1945 1419 non
1994 1354 2167 1420 erit’'.
2264 1354 2483 1420 Ordini
2535 1357 2731 1442 igitur

483 1481 632 1547 haee
693 1483 793 1549 lex
856 1491 1214 1569 potestatem
1262 1484 1478 1549 tribuit
1542 1484 1947 1549 immunitatis
2010 1483 2429 1548 concedendae
2492 1484 2569 1547 ab
2622 1465 2731 1547 illa

485 1611 946 1676 constitutione.

669 1736 882 1801 Mirati
929 1744 1072 1801 sunt
1115 1757 1424 1802 nonsart
1466 1743 1528 1801 et
1576 1756 1947 1801 Laeonum
1985 1736 2027 1821 ¹)
2065 1737 2258 1821 legem
2292 1735 2731 1803 Malacitanam

483 1860 780 1946 placitum
813 1863 1122 1927 continere
1155 1885 1276 1947 quo
1324 1862 1715 1949 prohibeatur
1750 1863 2063 1927 demolitio
2114 1862 2554 1942 aedificiorum,
2589 1888 2733 1930 cum

485 1988 681 2073 prima
729 1988 1025 2054 eiusmodi
1074 1990 1429 2055 constitutio
1479 2013 1635 2075 quae
1683 1991 2023 2056 innotuerit
2066 1990 2141 2054 ad
2175 2014 2431 2077 regnum
2462 1992 2732 2079 Impera-

485 2115 631 2179 toris
682 2136 937 2181 CLAUDII
983 2118 1291 2183 referenda
1338 2118 1439 2182 sit.

671 2242 902 2310 Revera
959 2245 1073 2311 sub
1156 2247 1270 2311 hoc
1335 2244 1581 2309 demum
1646 2244 2018 2329 Imperatore
2065 2244 2185 2309 tale
2244 2245 2393 2329 quid
2434 2247 2731 2325 invaluit,

485 2374 635 2434 tunc
699 2372 865 2437 enim
945 2372 1174 2437 factum
1246 2379 1338 2437 est
1403 2373 1615 2437 Sctum
1690 2371 2100 2435 Hosidianum
2189 2394 2311 2457 quo
2377 2372 2731 2452 vetabatur,

487 2516 567 2561 ne
647 2497 788 2581 quis
860 2505 1083 2563 emeret
1163 2499 1504 2564 aedificium
1578 2498 1644 2562 in
1724 2497 1905 2561 Italia
1984 2498 2169 2562 situm
2194 2498 2245 2583 ²)
2332 2522 2401 2563 eo
2476 2500 2731 2565 consilio

488 2626 560 2686 nt
630 2621 927 2689 diruendo
991 2624 1127 2711 plus
1175 2626 1510 2711 acquireret
1573 2647 1756 2711 quam
1822 2624 2037 2711 quanti
2086 2624 2325 2690 emisset
2350 2624 2423 2711 ³).
2522 2626 2735 2694 Setum

490 2751 764 2816 nondum
843 2751 1124 2838 prohibet
1198 2753 1522 2838 quominus
1594 2751 2049 2816 detraherentur
2122 2751 2399 2838 singulae
2472 2756 2735 2820 aedificii

492 2879 810 2944 cuiusdam
873 2886 1072 2967 partes
1137 2903 1193 2946 v.
1247 2905 1304 2967 g.
1369 2901 1668 2944 marmora
1731 2879 1827 2944 vel
1886 2879 2203 2944 columnae
2259 2881 2423 2965 quod
2480 2904 2555 2946 ex
2597 2903 2737 2948 vlt-s·

489 3025 743 3071 ustam
775 3007 1018 3072 demum
1053 3008 1254 3073 edicto
1301 3007 1559 3072 invaluit
1584 3007 1660 3091 4).
1758 3007 1896 3072 Hoc
1942 3006 2095 3071 iuris
2142 3008 2331 3072 fuisse
2380 3008 2621 3074 videtur
2670 3013 2737 3076 in

489 3132 670 3198 Italia
715 3139 987 3221 tempore
1037 3155 1378 3201 nom‘rmm
1409 3135 1479 3220 5).
1558 3133 1727 3214 Quid
1775 3134 1994 3199 mirum
2014 3185 2032 3215 ‚
2084 3135 2150 3201 in
2196 3135 2328 3221 lege
2377 3138 2734 3226 municipali

493 3260 704 3326 eodem
750 3268 1019 3347 tempore
1067 3263 1262 3328 simile
1311 3264 1464 3349 qnid
1513 3269 1762 3328 cautum
1808 3261 2037 3327 fuisse?

680 3386 846 3472 Lege
892 3388 1262 3455 Malacitana
1309 3396 1515 3456 tamen
1562 3389 1727 3454 idem
1772 3411 1899 3454 non
1950 3389 2252 3454 sancitum
2298 3396 2394 3454 est
2440 3398 2621 3477 atque
2668 3395 2737 3458 in

638 3562 672 3624 ¹)
747 3563 838 3613 vid
869 3578 1127 3616 :mmmm
1160 3567 1456 3617 Studet-echte
1489 3583 1540 3633 p.
1576 3567 1691 3617 398.
1764 3567 2077 3618 Laeonum
2113 3565 2164 3614 in
2200 3566 2381 3632 Opere:
2407 3568 2475 3618 les
2496 3570 2654 3620 Tables
2686 3587 2739 3636 p.

493 3645 560 3694 45
595 3649 698 3699 not.
735 3648 818 3699 39.

632 3731 674 3794 2)
742 3734 818 3783 Ad
855 3737 1005 3786 totam
1041 3736 1230 3786 Italiam
1266 3741 1478 3802 spectare
1512 3737 1679 3786 Setum
1722 3739 1838 3801 puto
1886 3739 2085 3800 propter
2118 3734 2335 3795 initium;
2373 3736 2549 3800 legitur
2582 3738 2737 3789 enim:

493 3815 650 3874 „Cum
683 3820 984 3883 providentia
1019 3823 1188 3888 optimi
1224 3823 1456 3887 principis
1490 3823 1631 3872 tectis
1668 3837 1855 3886 quoque
1889 3821 2022 3870 urbis
2068 3824 2261 3870 nostrae
2294 3824 2345 3870 et
2380 3821 2532 3870 totius
2566 3823 2739 3873 Italiae

494 3902 765 3952 aeternitati
799 3907 1098 3970 prospexerit
1133 3908 1241 3956 eet’'
1277 3906 1358 3955 vid
1391 3921 1517 3956 ΖΕΗ.
1555 3908 1663 3958 Del.
1698 3907 1927 3968 Inscript.
1961 3921 2040 3956 no.
2079 3906 2228 3955 1692.

635 3985 675 4050 ³)
745 3989 818 4038 De
853 3990 965 4039 Scto
1000 3991 1086 4039 illo
1123 3992 1180 4042 cf.
1217 4004 1490 4041 sacacium
1515 3993 1563 4041 in
1590 3991 1768 4056 Opere:
1806 3991 2129 4055 Ausqewdlalte
2152 3989 2335 4040 Lekren
2358 3991 2441 4040 des
2464 3990 2746 4042 Ramischen

501 4070 782 4124 Oicilreckts.
819 4075 978 4124 Bonn.
1017 4077 1163 4126 1848.
1200 4094 1247 4142 p.
1287 4077 1571 4126 185-203,
1740 4068 1744 4072 ⁴

633 4155 676 4219 4)
744 4159 966 4209 Edictum
991 4173 1292 4210 mensum
1318 4165 1609 4210 memoratur
1634 4161 1684 4210 in
1708 4160 1812 4224 lege
1832 4163 1862 4210 2
1883 4161 2002 4209 Cod.
2022 4161 2082 4209 de
2103 4161 2206 4210 aed.
2223 4160 2347 4222 priv.
2376 4161 2565 4223 (8.lo.).
2593 4161 2747 4211 Recte

497 4241 556 4290 de
591 4247 872 4306 argumento
907 4245 1008 4294 eius
1044 4246 1256 4311 disputat
1293 4259 1564 4295 mononem
1600 4246 1650 4294 in
1692 4248 1775 4309 Op.
1812 4247 1846 4296 l.
1880 4262 1928 4310 p.
1969 4246 2085 4296 223.

538 4375 540 4378 ,
636 4324 677 4392 ⁸)
745 4326 866 4378 Post
902 4345 1009 4379 eum
1061 4335 1316 4396 praecepta
1351 4332 1411 4382 ad
1445 4331 1647 4381 eandem
1692 4346 1883 4381 causam
1918 4328 2210 4394 pertinentia
2246 4329 2377 4380 dedit
2413 4343 2749 4392 annuntia,

497 4427 617 4476 quae
651 4413 756 4467 fuse
790 4413 1050 4481 explicavit
1087 4429 1362 4468 saeuorum
1398 4415 1448 4466 in
1491 4416 1577 4480 Op.
1614 4418 1647 4466 l.
1684 4433 1729 4483 p.
1770 4417 1869 4467 204
1903 4431 2009 4480 sqq.
