3027 5263
1365 545 1400 604 9

257 745 432 810 mehr
481 740 818 829 (abgefasst)
869 737 1162 802 zwischen
1215 741 1300 802 82
1353 738 1481 802 und
1535 741 1652 816 84,
1694 738 1772 802 da
1805 739 2115 803 einerseits
2148 739 2211 804 S.
2254 742 2360 804 22.
2393 740 2500 803 23.

253 873 448 936 schon
512 869 619 934 auf
665 867 886 932 Grund
935 867 1102 930 eines
1179 865 1387 930 Edicts
1454 887 1574 930 von
1638 866 1953 930 Domitian
2004 887 2507 952 vorgenommene

255 995 845 1084 Magistratswahlen
891 999 1339 1078 vorausgesetzt
1388 993 1658 1074 werden,
1712 993 1836 1058 also
1886 994 2247 1079 wenigstens
2290 992 2367 1058 da
2400 990 2503 1058 die

257 1125 523 1190 Wahlen
593 1123 690 1187 fiir
765 1125 850 1185 82
917 1120 1285 1184 stattfanden
1355 1121 1486 1184 dies
1542 1121 1763 1186 Gesetz
1812 1123 1973 1186 noch
2020 1122 2194 1186 nicht
2240 1121 2505 1186 erlassen

259 1275 382 1316 war
398 1250 458 1329 ,’'
507 1256 622 1315 etc.
673 1317 678 1327 ,
723 1248 1130 1334 Perspicuum
1181 1256 1268 1312 est
1318 1247 1591 1312 edictum
1640 1249 1803 1333 quod
1852 1249 1916 1312 in
1963 1247 2097 1334 lege
2144 1247 2510 1334 Salpensana

257 1383 628 1444 memoratur
682 1375 832 1439 huic
864 1375 981 1458 ipsi
1015 1376 1446 1451 antecessisse3
1483 1374 1751 1460 spatium
1783 1375 2075 1459 temporis
2106 1381 2309 1438 tamen
2344 1373 2511 1458 quod

257 1504 640 1582 interfuerit,
694 1523 944 1586 prorsus
992 1500 1272 1585 ignotum
1321 1506 1433 1564 est.
1483 1501 1633 1564 Non
1680 1499 1880 1564 solum
1909 1507 2110 1564 tamen
2146 1499 2277 1585 ipse
2310 1521 2507 1564 annus

257 1655 563 1719 nusquam
616 1631 834 1696 diserte
882 1637 1282 1710 memoratur,
1339 1652 1549 1695 verum
1599 1631 1781 1696 etiam
1832 1653 1907 1696 ex
1954 1638 2310 1717 argumento
2358 1631 2508 1716 legis

261 1763 340 1826 de
391 1766 585 1825 aetate
633 1780 758 1822 non
806 1757 953 1822 licet
1003 1757 1318 1842 conjicere.
1371 1757 1617 1822 Etenim
1667 1779 1865 1843 neque
1914 1781 1989 1822 ex
2022 1758 2167 1844 Cap.
2202 1762 2285 1821 22
2315 1780 2511 1843 neque

260 1913 335 1954 ex
387 1889 534 1974 Cap.
589 1890 673 1950 23
713 1893 960 1972 apparet
983 1885 1238 1950 Latinos
1271 1884 1682 1971 Salpensanos
1703 1938 1721 1967 ‚
1760 1887 2117 1972 magistratu
2149 1892 2356 1972 gesto,
2388 1887 2513 1970 jam

262 2023 402 2080 ante
449 2015 642 2100 legem
693 2014 1006 2078 civitatem
1037 2013 1376 2078 Romanam
1424 2021 1781 2079 consecutos
1828 2015 2033 2080 fuisse.
2086 2014 2152 2078 Si
2203 2015 2277 2079 de
2310 2014 2513 2078 haere

265 2149 566 2210 constaret
600 2141 844 2206 meliore
875 2141 1274 2205 fundamento
1308 2141 1607 2207 niteretur
1633 2143 1839 2228 opinio
1876 2143 1951 2208 cl.
1988 2162 2296 2206 Morfflsnn
2316 2193 2333 2222 ,
2373 2164 2515 2206 nam

264 2295 338 2337 ex
364 2271 564 2336 edicto
590 2276 727 2356 post
760 2291 988 2333 annum
1009 2270 1249 2334 demum
1272 2270 1580 2334 civitatem
1598 2269 2121 2355 consequebantur
2138 2269 2514 2355 Salpensani,

266 2398 570 2484 quodcum
621 2397 708 2460 ita
755 2419 882 2460 non
933 2397 1014 2460 sit
1038 2397 1237 2480 ipsum
1263 2419 1490 2460 annum
1526 2396 1679 2482 legis
1710 2396 1869 2462 latae
1904 2397 2153 2462 definire
2185 2418 2308 2461 non
2342 2396 2511 2460 licet.

451 2527 546 2590 De
610 2531 829 2589 natura
893 2525 1107 2588 harum
1175 2525 1379 2610 legum
1446 2548 1602 2611 quae
1665 2531 1825 2590 recte
1868 2526 2131 2591 -Flaviae
2180 2525 2521 2611 appellatae

263 2660 411 2719 sunt
436 2654 477 2740 ¹)
528 2676 652 2717 non
705 2652 1094 2717 consentiunt
1140 2653 1519 2738 interpretes,
1617 2654 1815 2718 Variis
1858 2654 2004 2719 locis
2062 2654 2128 2718 in
2161 2675 2519 2718 monumen-

264 2784 344 2846 tis
391 2781 746 2867 Hispanicis
793 2782 998 2845 omnia
1046 2782 1332 2846 instituta
1382 2782 1857 2866 municipiorum
1905 2780 2116 2863 „Zeqe”
2163 2781 2515 2847 introducta

267 2930 396 2973 esse
447 2908 734 2972 dicuntur
752 2933 770 2985 3
823 2908 1133 2992 quaeritur
1180 2915 1384 2971 tamen
1434 2908 1611 2971 cuius
1658 2911 1893 2993 generis
1940 2910 2059 2975 sint
2101 2910 2264 2995 leges
2314 2910 2380 2973 in
2429 2908 2526 2973 in-

265 3036 707 3121 scriptionibus
757 3036 996 3120 saepius
1045 3040 1444 3099 memoratae:
1497 3044 1705 3099 utrum
1739 3036 1860 3099 sint
1908 3036 2069 3121 leges
2117 3036 2275 3101 latae
2307 3036 2373 3099 in
2423 3058 2521 3100 co-

265 3164 454 3227 mitiis
527 3187 562 3227 a
625 3164 856 3250 populo
919 3162 1193 3227 Romano
1258 3184 1334 3226 an
1384 3162 1593 3247 potius
1650 3164 1939 3228 dicendae
2012 3164 2135 3227 sint
2210 3163 2521 3228 Constitu-

263 3290 468 3355 tiones
516 3290 914 3375 Imperatoris
959 3309 1302 3354 DOMITIANI
1321 3338 1338 3367 ,
1392 3313 1547 3375 quae
1580 3291 1852 3375 quaestio
1901 3290 2037 3356 ideo
2063 3281 2219 3355 'satis
2254 3290 2518 3356 difficilis

265 3418 509 3483 videtur
557 3417 702 3501 quia
751 3416 954 3481 nullae
1012 3418 1177 3503 leges
1227 3418 1623 3504 municipales
1670 3428 1941 3505 tempore
1989 3420 2316 3485 Caesarum
2361 3419 2521 3483 latae

262 3546 330 3609 in
380 3544 788 3609 monumentis
837 3550 1074 3629 praeter
1120 3550 1355 3608 nostras
1405 3552 1747 3610 occurrunt.
1825 3547 1918 3611 De
1968 3546 2081 3611 hac
2129 3568 2192 3611 re
2224 3547 2290 3609 in
2331 3546 2521 3611 varias

263 3678 464 3759 partes
514 3670 738 3737 abeunt
786 3672 1106 3757 opiniones
1157 3672 1577 3757 interpretum.

410 3876 447 3937 ¹)
518 3875 614 3923 ΡΗ.
651 3888 698 3923 Ε.
743 3888 1004 3934 nuscum,
1056 3876 1106 3923 in
1161 3876 1340 3940 Opere:
1402 3877 1628 3941 Beitrdqe
1674 3890 1759 3924 zur
1794 3874 1956 3924 Kritik
2000 3875 2081 3923 des
2120 3874 2296 3934 Gaia-3,
2331 3875 2523 3942 Leipzig

267 3960 428 4019 1855,
486 3977 535 4025 p.
591 3962 678 4020 14,
730 3960 830 4025 jam
878 3961 1142 4025 antiquitus
1190 3961 1275 4010 illo
1325 3962 1519 4011 nomine
1568 3964 1759 4011 vocatas
1796 3976 1896 4010 esse
1929 3961 2055 4024 leges
2090 3962 2285 4021 statuit,
2325 3962 2383 4011 de
2426 3978 2519 4027 quo

265 4050 428 4095 tamen
465 4045 653 4094 dubitat
688 4045 748 4095 cl.
784 4058 978 4103 zumr,
1016 4047 1150 4096 Stud.
1189 4047 1323 4096 Rom.
1359 4063 1408 4111 p.
1447 4047 1573 4103 298,
1612 4044 1727 4096 307.
1798 4045 2031 4111 Opinioni
2071 4046 2131 4096 cl.
2172 4060 2409 4096 nuscum
2445 4062 2521 4095 as·

263 4131 448 4181 sentior
495 4131 670 4195 quippe
719 4146 840 4195 quae
885 4131 1141 4182 admodum
1187 4132 1450 4197 probabilis
1497 4132 1749 4191 videatur;
1796 4135 1965 4181 notum
2014 4131 2144 4180 enim
2188 4135 2353 4181 estex
2387 4148 2520 4181 more

263 4215 594 4264 Romanorum
629 4215 754 4279 leges
791 4232 964 4264 nomen
1001 4216 1239 4281 accepisse
1275 4216 1334 4265 ab
1371 4232 1425 4265 eo
1463 4216 1549 4281 qui
1589 4232 1667 4266 eas
1705 4216 1895 4275 tulerit,
1934 4230 2173 4281 quumque
2208 4216 2371 4265 Titum
2408 4216 2517 4266 Fla·

265 4300 398 4350 vium
432 4300 764 4350 Domitianum
800 4316 963 4350 earum
1000 4304 1243 4350 auctorem
1279 4302 1424 4351 fuisse
1473 4304 1685 4360 constet,
1724 4302 1987 4351 secundum
2026 4316 2210 4351 rnorem
2244 4302 2516 4350 Romanum

267 4400 345 4435 eas
381 4385 570 4435 Flavias
604 4386 749 4435 fuisse
785 4386 1048 4451 appellatas
1084 4389 1257 4439 statuo,
1305 4387 1521 4451 Denique
1567 4402 1863 4452 quocumque
1904 4386 2094 4437 nomine
2130 4386 2392 4449 antiquitus
2428 4399 2513 4433 vo-

270 4472 404 4520 catae
440 4473 581 4532 sunt,
618 4471 761 4521 hodie
798 4487 909 4521 sane
942 4471 1050 4535 jure
1085 4471 1275 4522 Flaviae
1313 4472 1631 4537 appellantur.
