3027 5263
1531 549 1658 608 184

474 745 773 808 sententia
823 749 1153 806 ceterorum
1182 741 1454 828 opinioni
1486 739 1872 824 praeferenda
1899 747 2024 819 est,
2055 741 2215 826 quod
2245 741 2436 825 magis
2469 742 2724 806 accedat

470 872 547 934 ad
620 893 815 934 veram
870 870 1239 932 venditionis
1290 879 1606 944 naturam;
1655 867 1954 951 imprimis
2006 889 2246 952 quoque
2298 890 2368 931 eo
2417 890 2720 932 commen-

474 998 651 1060 datur
723 998 866 1081 quia
940 1005 1097 1060 recte
1172 996 1441 1080 disputat
1515 995 1588 1058 de
1647 994 1782 1078 jure
1847 993 2008 1078 quod
2062 1003 2294 1079 emptor
2342 997 2606 1080 acquirit
2654 997 2714 1060 in

470 1125 713 1211 praedia
804 1124 928 1187 illa.
1035 1123 1459 1186 Venditionem
1534 1123 1666 1206 lege
1739 1121 2134 1206 praediatoria
2187 1121 2317 1186 fieri
2391 1123 2714 1208 opinatur,

474 1253 527 1314 si
594 1251 795 1314 minus
860 1251 1029 1314 liceri
1087 1273 1266 1314 nemo
1318 1260 1516 1335 potest
1566 1271 1748 1334 quam
1801 1271 2095 1312 summam
2147 1273 2181 1312 a
2231 1249 2504 1314 debitore
2553 1253 2720 1337 prin·

466 1378 645 1464 cipali
720 1379 948 1463 populo
999 1379 1299 1454 debitam3
1355 1378 1407 1440 si
1457 1385 1658 1441 autem
1710 1399 1886 1441 nemo
1935 1376 2100 1440 illam
2155 1400 2452 1442 summam
2505 1379 2719 1463 plusve

468 1506 697 1570 solvere
748 1504 1011 1582 volebat,
1069 1504 1337 1568 venditio
1407 1505 1466 1566 in
1540 1526 1792 1569 vacuum
1845 1505 2315 1585 instituebatur,
2377 1527 2498 1590 quo
2555 1507 2720 1570 facto

469 1642 714 1719 accepto
741 1634 932 1718 pretio
959 1655 1137 1716 quam
1164 1640 1365 1717 posset
1396 1631 1656 1695 maximo
1683 1641 2026 1696 contentam
2055 1631 2243 1696 fuisse
2279 1634 2721 1718 rempublicam

470 1763 704 1824 statuit.
760 1761 1055 1840 Quamvis
1110 1759 1182 1822 de
1236 1759 1401 1822 hisce
1446 1758 1909 1822 condicionibus
1945 1758 2278 1822 venditioni
2314 1759 2564 1844 adjectis
2597 1785 2724 1827 cer-

466 1895 595 1951 tum
649 1889 793 1972 quid
831 1887 1016 1951 statui
1051 1895 1348 1972 nequeat,
1387 1885 1568 1950 habet
1603 1885 1812 1950 saltem
1848 1886 1996 1950 haec
2036 1887 2242 1971 opinio
2277 1889 2439 1971 quod
2474 1890 2719 1954 alliciat.

658 2017 851 2092 Rem,
898 2023 967 2078 ut
1016 2024 1317 2100 postremo
1367 2015 1500 2078 loco
1551 2015 1828 2090 afferam,
1881 2015 1983 2098 qui
2033 2014 2364 2100 plurimum
2414 2019 2491 2080 ad
2527 2041 2722 2083 meam

470 2145 823 2230 opinionem
850 2145 1090 2208 accedat
1134 2145 1171 2226 ¹)
1194 2192 1211 2219 ‚
1249 2143 1540 2228 praedum
1570 2141 1980 2206 venditionem
2017 2165 2211 2206 veram
2249 2143 2546 2209 bonorum
2584 2170 2726 2210 ven-

471 2275 765 2338 ditionem
815 2273 998 2336 fuisse
1048 2279 1253 2336 censet
1270 2299 1287 2350 ;
1342 2271 1729 2357 praediorum
1779 2270 2270 2356 subsignatorum
2314 2272 2727 2338 venditionem

474 2402 923 2466 distractionem
1017 2400 1288 2484 pignoris
1362 2399 1548 2477 dicit,
1627 2399 1702 2461 de
1775 2405 2032 2481 utroque
2106 2400 2476 2463 venditionis
2545 2403 2729 2466 modo

474 2529 697 2614 profert
746 2535 1041 2613 quantum
1094 2549 1198 2612 per
1246 2527 1509 2589 fontium
1563 2525 1828 2610 inopiam
1880 2525 2022 2590 licet
2071 2549 2266 2611 neque
2314 2549 2439 2592 sese
2491 2531 2554 2590 in
2616 2529 2730 2593 hac

476 2680 538 2721 re
589 2656 949 2721 coniecturis
1000 2655 1324 2719 commisit.

664 2784 950 2869 Superest
1024 2791 1093 2845 ut
1170 2804 1363 2846 meam
1438 2782 1798 2846 sententiam
1873 2781 1946 2846 de
2013 2784 2144 2867 ipsa
2210 2782 2324 2847 hac
2374 2785 2730 2851 venditione

476 2935 791 2997 exponam.

664 3038 962 3103 Praedum
990 3037 1493 3123 praediorumque
1533 3036 1945 3099 venditionem
1975 3058 2176 3100 veram
2210 3038 2398 3101 fuisse
2426 3039 2732 3103 venditio-

479 3190 615 3231 nem
668 3176 815 3253 puto
834 3213 851 3245 ,
891 3166 1183 3230 eiusmodi
1217 3165 1477 3243 scilicet,
1510 3173 1580 3227 ut
1613 3188 1681 3228 ea
1715 3165 2053 3228 dominium
2087 3166 2527 3230 transferretur.
2578 3168 2728 3231 Non

478 3295 615 3360 dico
665 3295 908 3378 quidem
960 3295 1021 3357 in
1076 3294 1422 3357 venditione
1458 3293 1566 3355 illa
1609 3294 1811 3355 omnia
1837 3272 2162 3379 ‘praecepta
2189 3294 2342 3377 juris
2379 3294 2574 3357 civilis
2612 3318 2728 3359 usu

481 3422 743 3499 venisse,
796 3422 996 3506 potius
1044 3428 1253 3484 contra
1303 3420 1578 3505 equidem
1632 3443 1890 3504 provoco
1935 3421 2011 3484 ad
2046 3422 2385 3505 exemplum
2422 3420 2724 3486 bonorum

478 3550 797 3626 sectionis,
854 3571 973 3634 qua
1022 3548 1205 3612 fiebat
1270 3556 1340 3611 ut
1388 3555 1608 3611 cuncta
1655 3547 1814 3611 bona
1867 3548 2292 3612 damnatorum
2342 3550 2416 3612 ad
2468 3557 2727 3615 sectores

482 3680 807 3742 transirent
826 3705 843 3757 3
928 3680 1013 3741 ita
1082 3700 1323 3762 quoque
1382 3700 1592 3741 omnes
1657 3678 1946 3761 praedurn
2008 3700 2100 3741 res
2164 3677 2406 3762 publice
2479 3679 2728 3745 fortasse

483 3807 801 3884 venibant,
880 3808 1089 3891 itaque
1138 3807 1202 3869 in
1252 3806 1595 3869 dominium
1643 3804 2087 3891 praediatorum
2136 3806 2723 3871 transmittebantur.

669 3934 821 3997 Post
884 3934 1299 3997 venditionem
1364 3933 1525 3997 enim
1589 3933 2030 4019 praediatorem
2095 3933 2411 3997 dominum
2484 3932 2728 3997 illarum

485 4084 683 4126 rerum
735 4062 961 4125 factum
1013 4084 1142 4127 esse
1192 4084 1332 4126 mox
1381 4060 1712 4148 apparebit.
1811 4061 1946 4127 Imo
1995 4064 2044 4125 si
2079 4061 2199 4125 huc
2231 4061 2528 4125 trahimus
2562 4062 2726 4151 quod

486 4284 891 4292 ———————-—--

627 4452 665 4516 ¹)
736 4450 793 4499 In
836 4450 922 4515 Op.
958 4452 1086 4501 laud.
1125 4468 1171 4517 p.
1211 4452 1327 4502 365.
