3027 5263
1618 581 1703 644 64

533 777 714 842 moris
769 775 963 839 fuisse
1025 777 1286 838 statuere
1350 774 1707 858 poterimus·
1808 774 2003 840 Valde
2052 776 2394 843 verisimilis
2444 780 2591 844 haec
2643 805 2785 846 con-

525 905 758 988 jectura
809 904 915 981 fit,
970 901 1022 964 si
1070 901 1342 965 attendas
1391 901 1467 966 ad
1513 903 1711 988 legem
1758 901 1989 966 Juliam
2039 904 2469 991 municipalem
2514 908 2577 993 ¹).

720 1028 1016 1110 Quamvis
1087 1027 1276 1112 igitur
1339 1027 1472 1113 lege
1538 1027 1631 1092 vel
1681 1049 1796 1092 usu
1848 1049 1970 1093 non
2018 1036 2255 1096 tantum
2307 1033 2354 1096 ii
2403 1034 2512 1118 qui
2564 1035 2785 1120 magis·

531 1164 695 1222 tratu
743 1157 936 1220 functi
987 1162 1157 1220 erant
1201 1155 1402 1219 IIviro
1435 1155 1663 1240 legenti
1698 1155 2110 1224 indicarentur
2136 1159 2182 1243 2)
2218 1164 2421 1224 tamen
2456 1160 2777 1227 arbitrium

532 1285 666 1350 eius
738 1283 912 1348 nullo
961 1281 1479 1366 circumscriptum
1529 1281 1715 1346 fuisse
1766 1283 1917 1368 legis
1966 1284 2314 1351 interdictio
2362 1310 2488 1352 non
2538 1311 2776 1355 cense0.

529 1413 710 1478 Nihil
747 1418 951 1477 tamen
999 1411 1063 1474 in
1113 1408 1523 1476 monumentis
1572 1416 1936 1475 memoratur
1969 1412 2133 1496 quod
2182 1415 2545 1499 requisitum
2592 1417 2675 1480 sit
2707 1421 2777 1481 in

531 1561 785 1626 persona
833 1539 962 1602 eius
1012 1537 1120 1621 qui
1171 1537 1237 1599 in
1287 1557 1609 1600 numerum
1662 1536 2057 1603 decurionum
2106 1541 2492 1626 reciperetur.

719 1667 892 1730 Talia
935 1671 1140 1728 tamen
1187 1662 1461 1727 Malacae
1509 1669 1570 1727 et
1618 1663 1940 1749 Salpensae
1988 1689 2110 1730 non
2161 1667 2417 1733 defuisse
2466 1669 2779 1754 probabile

530 1795 636 1872 fit,
707 1793 761 1857 si
826 1793 1050 1856 iterum
1098 1790 1473 1854 conferamus
1524 1791 1992 1858 similitudinem
2039 1795 2267 1860 Romae
2325 1797 2426 1862 cui
2467 1797 2783 1884 jungenda

534 1927 679 1985 sunt
725 1925 1047 2005 praecepta
1095 1917 1248 2002 legis
1291 1916 1498 1993 'Juliae
1548 1917 1952 2004 municipalis

717 2045 1204 2132 Requirebantur
1253 2045 1545 2110 fortasse:

713 2201 770 2240 a.
875 2177 1048 2238 Certa
1095 2180 1278 2236 aeta&
1379 2173 1474 2236 Ex
1536 2173 1689 2260 legis
1757 2176 1950 2240 verbis
2018 2177 2195 2241 modo
2255 2179 2461 2243 citatis
2526 2188 2779 2265 apparet

522 2306 648 2390 jam
698 2310 838 2368 ante
890 2307 973 2368 35
1027 2324 1254 2366 annum
1303 2302 1501 2366 curiae
1536 2302 1822 2367 interesse
1856 2305 2129 2388 potuisse
2162 2304 2423 2390 aliquem
2442 2333 2462 2385 3
2516 2313 2783 2371 caetero·

528 2433 677 2519 quin
729 2433 959 2497 mentio
1008 2431 1112 2494 illa
1161 2431 1374 2494 aetatis
1425 2432 1755 2495 necessaria
1803 2455 1928 2497 non
1960 2433 2203 2512 fuisset3
2256 2435 2431 2518 plura
2464 2440 2667 2500 tamen
2700 2459 2779 2500 ex

531 2560 744 2647 Capite
793 2559 902 2622 illo
951 2559 1311 2622 concludere
1360 2581 1482 2622 non
1531 2558 1696 2622 licet.

711 2690 1044 2754 Possumus
1109 2692 1310 2751 tamen
1369 2689 1470 2773 jus
1538 2710 1855 2753 commune
1919 2690 2395 2775 municipiorum
2460 2692 2525 2755 in
2573 2698 2779 2777 partes

527 2840 778 2896 vocare,
853 2840 927 2881 ex
981 2816 1252 2902 Digestis
1303 2817 1466 2880 enim
1531 2822 1792 2881 aetatem
1862 2820 1945 2881 25
1998 2839 2295 2883 annorum
2344 2818 2779 2885 decurionibus

524 2946 959 3043 praescriptam
1008 2944 1198 3008 fuisse
1248 2942 1536 3008 docemur
1564 2944 1631 3029 ³).

711 3076 762 3137 b.
869 3076 1100 3137 Census.
1201 3072 1647 3148 Monumenta,
1698 3092 1776 3135 ne
1826 3071 2008 3136 verbo
2057 3072 2343 3157 quidem,
2394 3072 2574 3137 nobis
2623 3073 2781 3137 indi-

526 3203 665 3263 cant
713 3220 866 3261 num
913 3197 1186 3261 Malacae
1237 3202 1296 3261 et
1347 3197 1671 3283 Salpensae
1722 3220 1933 3261 census
1967 3198 2032 3261 in
2069 3198 2142 3261 iis
2179 3200 2285 3284 qui
2322 3200 2779 3265 decurionatum

524 3310 799 3411 peterent
833 3324 1155 3409 requisitus
1189 3325 1293 3401 sit3
1331 3326 1536 3409 itaque
1570 3326 1906 3410 analogiam
1943 3326 2165 3389 iterum
2207 3325 2521 3390 consulere
2546 3326 2635 3389 fas
2662 3334 2777 3391 est.

670 3476 706 3536 ¹)
775 3474 868 3523 Vid
905 3474 1061 3539 Caput
1098 3476 1178 3525 10.
1213 3476 1332 3539 leyis
1365 3475 1529 3525 Juliae
1563 3478 1709 3535 (zum.
1746 3476 1853 3526 Del.
1879 3478 1981 3527 not.
2010 3477 2176 3535 1682).
2213 3477 2265 3525 in
2299 3476 2481 3526 verbis:
2556 3475 2781 3541 „Quibus

525 3562 616 3611 hac
651 3560 755 3625 lege
789 3560 839 3609 in
875 3559 1164 3623 municipio,
1202 3560 1418 3615 colonia,
1452 3562 1783 3624 praefectura,
1822 3561 1949 3618 foro,
1996 3560 2315 3609 conciliabulo
2354 3560 2403 3609 in
2439 3561 2673 3609 Senatum
2694 3560 2780 3611 de-

527 3646 804 3697 curionibus
853 3644 1138 3709 conscriptis
1187 3660 1288 3693 esse
1336 3662 1433 3694 non
1469 3645 1635 3695 licebit
1687 3661 1745 3694 ne
1794 3645 1898 3709 quis
1950 3661 2114 3695 eorum
2150 3646 2197 3693 in
2235 3645 2522 3709 municipio,
2560 3645 2783 3705 colonia,

525 3732 824 3797 praefectura
859 3732 992 3789 foro,
1031 3729 1380 3787 conciliabulo,
1417 3731 1471 3779 II
1508 3731 1580 3779 vir
1630 3730 1832 3779 aliamve
1879 3746 2021 3794 quam
2056 3733 2345 3795 potestatem
2387 3746 2447 3779 ea·
2481 3744 2571 3794 quo
2604 3730 2784 3779 honore

525 3819 576 3868 in
609 3835 712 3868 eum
746 3808 954 3867 ordinem
983 3816 1253 3879 perveniat,
1291 3818 1444 3880 petito
1483 3820 1574 3867 etc.

665 3902 706 3965 2)
759 3902 926 3950 Plura
977 3902 1036 3949 de
1087 3902 1292 3950 lectione
1341 3902 1543 3951 Senatus
1578 3900 1628 3949 in
1663 3900 1933 3966 municipiis
1970 3901 2113 3950 habet
2148 3912 2693 3963 BEORER-MARQUARDT
2728 3902 2780 3950 iu

484 4012 488 4015 -
533 3986 604 4049 Op
639 3987 673 4036 ι.
711 3985 757 4035 3.
799 3970 848 4033 1.
879 4001 930 4049 p.
967 3986 1092 4043 369,
1132 3985 1246 4038 370.

669 4069 708 4128 3)
779 4069 886 4118 Vid.
922 4068 1013 4133 leg.
1053 4070 1082 4117 8
1120 4070 1180 4119 D.
1217 4072 1277 4119 de
1312 4086 1436 4119 mun.
1472 4074 1521 4119 et
1552 4072 1717 4120 honor.
1752 4070 1865 4130 (50,
1903 4074 1953 4133 4)
1992 4073 2038 4119 et
2066 4069 2157 4134 leg.
2195 4070 2247 4127 6,
2288 4070 2309 4129 §
2348 4070 2373 4117 1
2412 4072 2459 4118 et
2494 4067 2587 4133 leg.
2628 4069 2689 4118 11
2720 4070 2783 4119 D.

529 4156 590 4204 de
633 4156 792 4205 ἄεσαν.
843 4158 888 4203 et
930 4154 999 4206 fil.
1038 4156 1147 4217 (50,
1198 4157 1275 4217 2);
1312 4158 1478 4221 postea
1526 4156 1705 4205 factum
1754 4171 1854 4204 esse
1890 4158 1945 4204 ut
1983 4154 2117 4203 nulla
2164 4154 2368 4219 amplius
2406 4157 2535 4202 actas
2571 4154 2787 4219 require·

528 4242 688 4299 retur,
725 4239 975 4289 notissima
1009 4255 1086 4289 res
1123 4243 1220 4298 est3
1263 4241 1370 4289 vide
1405 4240 1496 4303 leg.
1536 4242 1625 4299 21,
1666 4243 1687 4301 §
1727 4242 1755 4289 6
1794 4241 1853 4289 D.
1890 4241 1959 4289 ad
1979 4257 2106 4289 mun.
2134 4241 2242 4299 (50,
2278 4240 2351 4299 1),
2379 4238 2583 4287 addatur
2608 4252 2781 4298 xunn,

528 4325 579 4373 in
616 4324 800 4389 Operez
853 4325 947 4372 Die
980 4325 1240 4373 Stadtiscke
1261 4328 1420 4383 Senat,
1457 4328 1533 4374 cet
1568 4341 1615 4390 p.
1654 4324 1769 4377 247.
1841 4325 1900 4373 In
1938 4325 2041 4387 lege
2092 4323 2223 4372 Julia
2276 4322 2558 4387 municipali
2591 4323 2787 4374 nullum

529 4410 877 4476 praescriptum
914 4411 972 4459 de
1007 4412 1160 4459 aetate
1197 4411 1507 4460 decurionum
1543 4410 1800 4462 invenitur.
1871 4408 2361 4459 Animadvertendum
2414 4407 2616 4456 eandem
2654 4412 2790 4459 aeta·

531 4498 627 4544 tem
653 4496 714 4545 25
757 4510 991 4545 annorum
1027 4495 1132 4559 lege
1168 4495 1464 4545 Malacitana
1497 4494 1797 4561 magistratui
1834 4496 2043 4559 gerendo
2079 4494 2388 4543 constitutam
2424 4507 2541 4543 esse.
