3027 5263
1568 568 1699 629 106

503 764 754 827 stitutus
773 810 792 840 ‚
865 784 1046 847 quem
1117 781 1398 844 superare
1447 758 1778 822 multantes
1827 778 1953 820 non
2018 762 2263 840 possent
2278 782 2299 835 3
2350 757 2569 821 modus
2620 758 2764 844 ipse

503 888 682 951 variis
715 887 1084 973 temporibus
1117 884 1446 949 differebat.
1497 884 1728 947 Romae
1775 904 1990 946 norma
2025 889 2178 959 erat,
2214 888 2313 959 ut,
2352 906 2761 970 quascunque

501 1014 753 1093 vellent,
831 1015 1030 1078 dicere
1114 1013 1333 1076 multas
1399 1012 1643 1088 liceret,
1720 1010 2038 1073 dumtaxat
2110 1010 2361 1073 minoris
2412 1012 2608 1095 partis
2671 1014 2761 1076 fa·

502 1141 704 1204 miliae
738 1142 799 1226 ¹).
872 1139 1072 1203 Variis
1119 1139 1358 1222 legibus
1407 1138 1689 1221 deinceps
1740 1135 1957 1200 modus
2007 1136 2109 1199 ille
2160 1138 2378 1200 certius
2427 1138 2759 1203 definieba-

500 1275 643 1343 tur,
695 1267 1045 1351 praesertim
1096 1266 1229 1350 lege
1279 1265 1532 1329 Aternia
1579 1264 1871 1349 Tarpeja‚
1920 1285 2075 1347 quae
2126 1263 2378 1326 multam
2403 1286 2756 1349 supremam

499 1394 888 1479 praescripsit
975 1394 1235 1457 duorum
1323 1392 1532 1455 ovium
1604 1396 1665 1455 et
1746 1390 2000 1475 triginta
2071 1389 2293 1467 boum;
2371 1390 2749 1476 illorumque

500 1521 982 1585 aestimationem
1031 1518 1434 1603 pecuniariam
1486 1516 1831 1581 introduxit
1857 1517 1944 1597 ²),
1996 1538 2150 1600 quae
2199 1516 2420 1580 deinde
2454 1519 2753 1600 quodam-

499 1646 680 1710 modo
729 1654 961 1711 mutata
1007 1656 1096 1709 est
1143 1646 1274 1729 lege
1323 1646 1358 1708 J
1371 1645 1496 1708 ulia
1548 1650 1607 1708 et
1655 1643 1900 1728 Papiria
1928 1643 1997 1725 ³).
2058 1642 2313 1705 Constat
2363 1644 2548 1707 etiam
2583 1669 2755 1730 prae·

499 1772 732 1836 sidibus
780 1772 1227 1857 provinciarum
1278 1772 1527 1834 modum
1578 1771 1641 1833 in
1691 1770 1806 1833 hac
1855 1791 2031 1832 causa
2065 1768 2413 1854 impositum
2448 1771 2640 1836 fuisse
2660 1774 2749 1858 4);

499 1898 722 1982 quibus
795 1896 1080 1960 omnibus
1154 1896 1429 1973 collatiS,
1481 1897 1752 1960 Malacae
1802 1918 2079 1980 quoque,
2128 1897 2267 1960 licet
2317 1920 2391 1963 ex
2436 1898 2575 1985 lege
2621 1923 2751 1964 non

499 2031 817 2108 appareat,
887 2024 1051 2087 idem
1101 2024 1432 2087 obtinuisse
1486 2029 1707 2087 statuo.
1807 2023 2090 2106 Denique
2141 2024 2362 2087 multas
2411 2024 2547 2089 illas
2600 2050 2751 2111 quas

501 2152 794 2215 dixissent
843 2174 1113 2237 quasque
1146 2151 1316 2215 curia
1364 2152 1556 2235 justas
1597 2151 1929 2236 judicasset
1954 2152 2038 2233 ⁵),
2090 2150 2274 2214 IIviri
2331 2152 2394 2215 in
2428 2152 2748 2236 publicum

496 2280 766 2365 redigere
832 2280 1143 2364 jubentur.
1245 2280 1338 2343 De
1385 2280 1620 2343 ratione
1669 2300 1789 2362 qua
1836 2278 1901 2341 in
1952 2276 2264 2362 publicum
2313 2279 2539 2343 multae
2588 2281 2747 2345 redi·

497 2414 723 2491 gantur
796 2407 861 2469 in
934 2405 1064 2489 lege
1137 2404 1291 2468 nihil
1361 2411 1607 2467 cautum
1658 2410 1783 2481 est,
1836 2412 1983 2488 puto
2034 2402 2304 2467 Malacae
2354 2404 2471 2467 hoc
2518 2406 2751 2473 factum

497 2554 626 2596 esse
675 2531 851 2595 solito
901 2532 1082 2594 modo
1131 2554 1212 2594 sc.
1265 2530 1537 2615 pignoris
1584 2531 1836 2615 capione
1886 2530 1981 2593 vel
2029 2529 2312 2593 missione
2360 2531 2426 2594 in
2473 2531 2634 2596 bona
2668 2535 2739 2618 ⁶).

685 2659 916 2742 Magna
986 2681 1127 2721 sane
1199 2665 1494 2742 potestate
1567 2657 1827 2742 praediti
1866 2659 1993 2742 jam
2043 2665 2186 2720 sunt
2234 2657 2418 2722 IIviri
2466 2661 2612 2742 quia
2660 2661 2737 2726 iis

498 2785 791 2868 competit
830 2785 1212 2868 jurisdicti03
1264 2792 1571 2870 praeterea
1619 2792 1855 2863 tamen,
1908 2785 2001 2848 uti
2034 2807 2218 2869 supra
2250 2786 2493 2863 notavi,
2548 2787 2745 2852 multa

497 2911 918 2997 praeclaraque
984 2914 1120 2997 jura
1193 2913 1444 2976 summis
1518 2913 1987 2997 municipiorum
2062 2912 2517 2996 magistratibus
2602 2915 2746 2980 data

497 3047 685 3103 erant.
782 3039 861 3104 In
933 3040 1174 3124 quibus,
1229 3063 1354 3104 non
1411 3039 1651 3104 minimi
1722 3039 2071 3104 faciendum
2143 3061 2271 3104 esse
2334 3039 2577 3106 videtur
2639 3041 2743 3126 jus

497 3167 715 3250 agendi
767 3190 904 3230 cum
955 3167 1210 3252 popu10.

687 3293 952 3357 Comitia
1018 3294 1242 3358 habent
1297 3293 1482 3360 IIviri
1533 3316 1732 3378 neque
1781 3293 1887 3358 alii
1938 3293 2323 3378 magistratus
2370 3295 2437 3359 in
2485 3295 2741 3362 munici-

638 3612 674 3675 ¹)
743 3613 862 3662 Vide
897 3627 1130 3663 RUDORPF
1167 3615 1300 3665 Rb’r‘n.
1337 3615 1766 3678 Reehtsqeschichte
1801 3616 1853 3672 1,
1889 3631 1934 3679 p.
1975 3615 2037 3663 25
2078 3615 2158 3672 11,
2194 3631 2243 3678 p.
2280 3615 2395 3663 418.

635 3698 674 3758 2)
748 3700 867 3747 Vide
918 3713 1147 3748 esnmun
1197 3703 1228 3748 l.
1267 3701 1300 3748 l.
1335 3713 1498 3749 crena.
1552 3701 1611 3747 de
1646 3701 1887 3761 republica
1934 3700 2070 3748 2.35.
2134 3699 2249 3747 Vide
2302 3713 2501 3748 rsssruu
2536 3700 2587 3748 in
2626 3716 2740 3750 voce

497 3783 702 3840 „ovibus
739 3785 960 3832 duobus’'
997 3786 1053 3832 ed
1091 3789 1294 3834 mutnus
1330 3801 1376 3848 p.
1415 3785 1530 3832 202.

637 3867 677 3927 3)
750 3869 866 3916 Vide
901 3883 1083 3917 mvruir
1121 3871 1226 3918 Lib.
1263 3873 1294 3916 4
1328 3870 1443 3932 Cap.
1473 3870 1557 3918 30.
1580 3869 1641 3916 cf.
1678 3882 1915 3920 Bonorum·
1936 3869 2069 3917 Ram.
2096 3868 2417 3932 Rechtsqesch.
2444 3869 2511 3918 11.
2550 3884 2601 3932 p.
2627 3869 2741 3918 332.

495 3949 567 3998 De
601 3951 690 4000 hac
736 3968 902 4012 causa,
940 3959 1154 4016 tempore
1201 3955 1584 4017 Imperatorum,
1624 3953 1729 4000 vide
1765 3953 1859 4014 leg.
1894 3957 1927 4001 4
1963 3959 2029 4002 et.
2066 3954 2113 4002 6.
2186 3953 2307 4002 Cod.
2342 3954 2405 4002 de
2436 3953 2572 4002 modo
2606 3956 2740 4003 mult.

493 4053 524 4084 a
546 4036 657 4097 jud.
694 4035 868 4096 (1.54.)
2016 4083 2019 4088 .

632 4119 674 4183 4)
747 4123 863 4170 Vide
898 4121 990 4185 leg.
1028 4123 1072 4172 5.
1111 4123 1230 4172 Cod.
1268 4124 1457 4187 quando
1487 4139 1748 4184 provocare
1784 4138 1877 4172 non
1906 4127 1975 4172 est
2010 4137 2193 4171 necesse
2226 4120 2399 4182 (7.64).

632 4207 670 4269 5)
743 4209 934 4256 Etenim
961 4213 1062 4256 tum
1101 4210 1288 4257 demum
1327 4209 1476 4257 muita
1497 4209 1719 4267 debetur;
1744 4209 1806 4257 cf.
1834 4209 1977 4256 verba
2002 4207 2119 4270 legis
2149 4209 2264 4256 244.
2288 4207 2349 4256 D.
2374 4209 2433 4256 de
2466 4208 2596 4256 Verb.
2618 4207 2747 4271 Sigyn.

491 4291 698 4352 (50.16).
737 4295 835 4349 „At
871 4293 1048 4340 multae
1086 4295 1364 4358 provocatio
1401 4298 1497 4351 est,
1522 4309 1609 4342 nec
1644 4297 1758 4342 ante
1795 4293 1993 4342 debetur
2030 4308 2173 4356 quam
2208 4295 2290 4340 aut
2324 4307 2421 4340 non
2458 4295 2531 4340 est
2568 4305 2745 4356 provo-

485 4381 652 4428 mtum
687 4380 769 4426 aut
805 4382 1094 4440 provocator
1131 4379 1286 4427 vietus
1323 4377 1447 4428 est.”

633 4461 670 4525 ⁶)
742 4462 859 4510 Vide
897 4479 940 4512 v.
975 4475 1198 4522 Kanna,
1243 4464 1548 4525 Civilprocess
1584 4479 1631 4526 p.
1669 4463 1797 4521 352,
1835 4463 1950 4512 353.
