3027 5263
1480 1529 1726 1626 PARS
1773 1531 1912 1628 ΠΙ.

653 1752 757 1811 ΒΕ
797 1751 835 1809 J
836 1749 993 1812 URB
1032 1747 1370 1809 vaA'ro
1412 1749 1874 1808 LATINORUM
1926 1751 2592 1813 SALPENSANORUM
2637 1757 2736 1816 ET

1334 1852 2028 1910 MALACITANORUM.

1595 2056 1798 2068 ψ

750 2329 975 2396 Errant
1022 2329 1131 2416 qui
1178 2333 1399 2416 putent
1445 2329 1511 2394 in
1561 2327 1694 2415 lege
1743 2330 2118 2416 Salpensana
2153 2337 2214 2397 et
2250 2331 2622 2400 Malacitana
2657 2345 2818 2404 certe

563 2460 629 2525 in
679 2465 847 2547 parte
895 2458 1206 2546 superstiti
1252 2459 1349 2544 jus
1398 2459 1700 2544 privat-um
1751 2459 2114 2524 Latinorum
2164 2459 2240 2526 ab
2279 2463 2446 2525 omni
2497 2471 2672 2548 parte
2723 2489 2816 2532 ae·

566 2595 773 2654 curate
821 2589 1161 2675 expositum
1211 2609 1282 2651 ae
1315 2587 1534 2653 diserte
1575 2586 1941 2674 explicatum
1977 2610 2139 2667 esse,
2177 2611 2318 2654 nam
2351 2591 2654 2657 nonnulla
2689 2601 2818 2659 tan-

566 2722 698 2781 tum
719 2716 859 2801 jura
889 2716 955 2781 in
981 2714 1219 2803 legibus
1242 2716 1368 2781 sive
1394 2722 1735 2802 tanguntur
1760 2716 1888 2782 sive
1913 2724 2304 2803 exponuntur
2321 2742 2340 2795 ;
2377 2718 2473 2783 vel
2501 2720 2588 2784 sic
2615 2726 2821 2788 tamen

569 2844 785 2908 horum
834 2844 1093 2909 scientia
1126 2844 1310 2909 etiam
1342 2843 1507 2909 brevi
1558 2816 2132 2909 commemoratione
2167 2846 2254 2909 ita
2302 2847 2710 2933 amplificatur
2756 2858 2824 2915 ut

566 2972 855 3059 perdigna
920 2972 1045 3036 sint
1109 2972 1310 3058 capita
1376 2972 1528 3058 legis
1592 2971 1668 3037 ad
1725 2973 1826 3057 jus
1874 2972 2177 3059 privatum
2240 2976 2616 3061 pertinentia
2663 3001 2821 3063 quae

567 3092 891 3187 diligenter
939 3098 1351 3186 explorentur.

754 3228 954 3293 Omne
996 3228 1095 3313 jus
1145 3228 1451 3314 privatum
1500 3228 1840 3293 secundum
1882 3227 2034 3313 juris
2081 3228 2339 3293 Romani
2374 3228 2649 3297 doctores
2689 3256 2824 3319 per·

559 3358 717 3423 tinet
766 3355 860 3423 vel
908 3356 987 3422 ad
1050 3380 1335 3444 personas
1402 3356 1496 3422 vel
1546 3357 1624 3422 ad
1675 3380 1766 3423 res
1826 3356 1928 3421 vel
1975 3356 2051 3422 ad
2101 3358 2387 3424 actiones.
2485 3359 2823 3447 Tripartita

560 3486 679 3553 illa·
716 3484 934 3551 divisio
994 3508 1177 3569 quam
1242 3454 1317 3549 et>
1351 3506 1534 3550 emus
1581 3486 1621 3571 ¹)
1693 3492 1754 3551 et
1819 3484 2154 3571 Imperator
2202 3508 2599 3553 JUS'HNIANUS
2635 3490 2684 3576 ²)
2731 3516 2826 3557 se-

565 3622 870 3701 quuntur,
940 3614 1131 3700 pet-ita
1195 3620 1287 3679 est
1336 3636 1410 3680 ex
1459 3614 1809 3679 diversitate
1859 3614 2231 3701 objectorum
2280 3616 2344 3680 in
2395 3616 2620 3702 quibus
2661 3619 2823 3704 juris

564 3742 819 3809 scientia
868 3748 1156 3808 versatur.
1255 3742 1528 3809 Eandem
1578 3765 1848 3808 normam
1897 3742 1960 3807 in
2002 3742 2138 3828 jure
2187 3742 2546 3809 Latinorum
2603 3768 2820 3812 seeun-

564 3873 709 3937 dum
760 3873 921 3958 leges
970 3871 1214 3936 Flavias
1263 3870 1626 3957 exponendo
1673 3870 1845 3957 sequi
1887 3871 2092 3957 juvat,
2142 3872 2236 3936 uti
2285 3896 2376 3937 res
2423 3872 2558 3960 ipsa
2607 3874 2820 3958 docet,

560 4008 860 4087 quatenus
910 4006 1339 4087 argumentum
1388 4006 1734 4065 nostrarum
1784 4000 1989 4085 legum
2039 4000 2156 4065 hoe
2203 3999 2384 4067 sinat.

750 4128 967 4214 Itaque
1030 4129 1187 4193 hano
1254 4128 1686 4215 disputationis
1737 4102 1968 4214 partem
2017 4128 2081 4192 in
2132 4128 2254 4193 duo
2303 4129 2500 4215 capita
2549 4130 2825 4197 dividere

561 4256 740 4338 lieet,
819 4257 905 4321 ita
969 4262 1039 4320 ut
1087 4256 1153 4320 in
1220 4257 1420 4342 priore
1494 4256 1568 4321 de
1634 4244 1780 4342 jure
1815 4278 2246 4341 personarum,
2315 4261 2445 4321 tum
2497 4255 2572 4321 de
2630 4258 2822 4323 actio·

706 4451 742 4513 ι)
814 4450 931 4501 Vide
968 4450 1087 4503 [nst.
1130 4452 1151 4499 l
1193 4452 1215 4511 ς
1254 4451 1281 4499 8
1320 4453 1369 4499 et
1404 4449 1604 4499 eundem
1643 4452 1690 4497 in
1729 4449 1832 4515 lege
1871 4450 1921 4507 l,
1965 4450 2023 4500 D.
2059 4448 2120 4499 de
2152 4452 2278 4499 statu
2312 4447 2550 4499 hominum
2589 4450 2746 4515 (1.5.).

710 4537 749 4601 ²)
822 4537 939 4587 Vide
975 4535 1095 4586 Inst.
1131 4535 1233 4585 Lib.
1276 4536 1322 4586 1.
1357 4536 1456 4587 Tit.
1492 4537 1522 4585 2
1559 4538 1580 4597 §
1623 4536 1698 4585 12.
