3027 5263
1316 556 1447 616 225

444 748 593 814 Non
628 747 954 812 assentitur
990 747 1080 812 vir
1104 769 1265 812 cons.
1300 769 1501 812 Asana
1535 750 1641 833 qui
1668 749 1836 813 nulla
1863 749 2268 835 explicatione
2294 751 2504 816 addit-a

253 877 515 943 ridicula
590 875 714 940 fere
778 874 931 960 legis
996 881 1301 940 auctorem
1366 875 1668 940 dicentem
1734 875 1908 953 facit,
1989 877 2144 940 dixit
2217 879 2380 942 enim
2422 879 2498 961 ¹):

253 1005 469 1085 „Pour
518 1002 838 1067 maintenir
884 999 1186 1066 l'autorit6
1235 1002 1319 1067 du
1368 1003 1642 1088 chapitre
1689 1003 1918 1080 entier,
1971 1003 2013 1066 il
2047 1003 2313 1068 faudrait
2359 1027 2498 1091 sup-

255 1153 435 1216 poser
514 1128 675 1192 l'une
748 1127 823 1192 de
880 1127 1025 1192 trois
1091 1128 1303 1192 choses
1354 1127 1698 1214 &galement
1745 1129 2064 1208 absurdes3

447 1256 547 1320 On
588 1255 691 1334 1⁰,
729 1251 869 1340 qu’a
896 1253 1185 1340 Salpensa
1206 1255 1295 1322 les
1323 1257 1564 1322 enfants
1601 1257 2021 1322 choisissaient
2049 1257 2210 1322 leurs
2237 1264 2506 1338 tuteurs3

447 1382 548 1446 Ou
618 1383 727 1458 2⁰,
794 1403 913 1466 que
959 1379 1045 1446 les
1109 1381 1379 1447 hommes
1447 1383 1706 1468 majeurs
1752 1383 1843 1468 s'y
1898 1383 2328 1448 soumettaient
2361 1385 2397 1448 a
2444 1385 2504 1449 la

253 1510 473 1576 tutelle
520 1509 823 1574 d'enfants
841 1533 861 1587 ς

447 1638 549 1702 Ou
603 1639 711 1715 3⁰,
763 1659 881 1722 que
932 1636 1037 1701 des
1084 1637 1359 1702 hommes
1407 1659 1469 1702 se
1525 1638 1956 1703 soumettaient
2003 1637 2078 1703 de
2122 1638 2254 1703 leur
2287 1661 2506 1724 propre

254 1764 439 1830 choix
510 1764 547 1827 ὲ,
616 1763 675 1828 la
749 1785 893 1828 cura
962 1763 1329 1828 furiosorum
1400 1786 1474 1828 en
1553 1763 1915 1828 choisissant
1980 1787 2098 1828 eux
2160 1764 2385 1828 memes
2447 1764 2504 1828 le

256 1889 594 1958 curateur”.

452 2144 546 2208 Ad
593 2143 755 2207 Ium.
844 2142 945 2208 Ne
994 2141 1174 2208 verbo
1224 2143 1468 2229 quidem
1519 2143 1618 2208 lex
1667 2144 2036 2229 Salpensana
2085 2113 2290 2208 ansam
2341 2143 2508 2208 dedit

255 2271 365 2335 tali
440 2269 867 2356 explicationi,
948 2270 1071 2334 imo
1146 2269 1511 2335 contrarium
1578 2270 1835 2334 totidem
1915 2269 2109 2334 verbis
2183 2271 2503 2346 statuitur3

254 2399 479 2464 etenim
517 2398 570 2461 si
604 2396 826 2482 pupilli
860 2402 1061 2461 tutore
1094 2396 1444 2482 indigeant,
1481 2420 1687 2463 eorum
1715 2398 1942 2462 nomine
1965 2397 2308 2484 postulatur
2339 2402 2507 2460 tutor

251 2548 453 2612 neque
516 2525 632 2611 ipsi
697 2523 869 2588 liberi
929 2530 1165 2610 petunt.
1261 2524 1463 2589 Verba
1527 2525 1676 2611 legis
1741 2531 1918 2590 sunt:
2018 2525 2206 2603 „Sive
2255 2525 2310 2589 is
2361 2547 2506 2589 eave

252 2655 429 2740 cujus
477 2655 722 2718 nomine
770 2654 855 2718 ita
903 2652 1277 2739 postulatum
1326 2653 1444 2717 erit
1478 2653 1742 2738 pupillus
1791 2653 2100 2739 pupillave
2151 2651 2343 2731 erit”,
2381 2658 2496 2717 cet.

440 2782 540 2846 Ad
588 2782 783 2846 IIum.
883 2780 1151 2846 Puberes
1200 2781 1267 2845 in
1316 2780 1510 2845 tutela
1559 2804 1684 2845 esse
1733 2780 2058 2865 Salpensae
2107 2803 2228 2845 non
2280 2780 2504 2865 potuis-

246 2917 343 2977 set
414 2909 774 2974 contendere
844 2908 963 2973 nisi
1033 2910 1217 2971 nixus
1288 2915 1441 2972 esset
1488 2908 1640 2972 vitio
1705 2908 2180 2993 typographicO,
2250 2908 2324 2972 de
2375 2929 2497 2991 quo

242 3060 429 3125 supra
478 3037 623 3101 satis
673 3035 883 3099 monui
914 3036 987 3120 2).

251 3274 331 3324 del
379 3271 614 3337 ausgeht”
649 3274 743 3320 cet.
815 3270 1024 3321 Prorsus
1060 3271 1356 3320 contrarium
1392 3271 1511 3320 mihi
1546 3270 1761 3319 indicant
1797 3270 1915 3333 legis
1950 3272 2120 3328 verba3
2157 3275 2318 3335 repeto
2355 3270 2510 3330 enim,

247 3362 302 3409 in
340 3360 491 3408 altera
525 3357 722 3422 periodo
777 3372 879 3404 eam
918 3370 1036 3419 quae
1091 3372 1185 3404 non
1240 3356 1303 3405 sit
1357 3355 1540 3421 pupilla
1585 3357 1735 3420 ipsam
1773 3360 1984 3404 tutorem
2037 3358 2227 3419 petere,
2271 3355 2318 3402 in
2357 3354 2509 3403 altera

247 3448 465 3495 tutorem
512 3440 745 3506 postulari
792 3441 985 3489 nomine
1031 3456 1195 3489 eorum
1234 3440 1311 3503 qui
1354 3440 1524 3505 pupilli
1561 3441 1673 3489 sint.

392 3528 474 3575 Vir
517 3527 644 3575 doct.
682 3538 730 3575 v.
765 3538 885 3574 men
923 3540 1110 3588 quoque
1146 3525 1193 3573 in
1235 3526 1363 3574 Dias.
1401 3541 1547 3589 supra
1593 3526 1723 3575 laud.
1772 3540 1822 3589 p.
1869 3526 1934 3572 46
1971 3523 2161 3587 negavit
2209 3524 2268 3571 ad
2306 3523 2506 3573 tutelam

250 3629 393 3663 sexus
430 3616 643 3675 spectare
679 3609 822 3657 verba
870 3608 953 3657 illa
990 3608 1168 3673 Capitis
1209 3610 1300 3658 29:
1330 3625 1479 3672 „quae
1497 3609 1710 3673 pupillae
1733 3625 1826 3657 non
1847 3608 2037 3658 erunt’'.
2077 3608 2238 3665 „Illud
2260 3608 2503 3666 certum’',

246 3697 343 3755 ait,
385 3695 478 3754 „ad
513 3694 713 3743 tutelam
756 3693 1010 3741 mulierum
1036 3709 1090 3741 ea
1118 3708 1212 3741 non
1249 3694 1537 3758 pertinere”.
1609 3694 1862 3742 Meliorem
1910 3692 2277 3756 explicationem
2327 3708 2500 3756 propo·

248 3797 363 3831 nere
398 3784 600 3829 conatus
636 3782 731 3837 est3
778 3777 895 3827 dicit
929 3778 1085 3826 enim=
1122 3778 1402 3836 „Sententia
1442 3778 1590 3839 igitur
1625 3779 1792 3826 horum
1831 3777 2086 3825 verborum
2120 3775 2260 3839 longe
2286 3776 2378 3825 alia
2404 3792 2504 3826 esse

248 3866 392 3915 debet
445 3868 492 3914 et
544 3864 661 3911 haec
696 3862 914 3925 quidem,
970 3867 1027 3911 ut
1059 3862 1352 3924 significetur
1387 3864 1630 3927 municeps
1666 3865 1875 3911 tutorem
1913 3861 2160 3936 postulans
2197 3876 2283 3924 pro
2313 3862 2502 3921 pupillo

248 3950 323 3999 vel
357 3949 539 4011 pupilla
577 3948 778 4010 quinon
804 3950 920 3995 sunt
944 3947 1203 4011 municipes
1240 3947 1319 3995 sed
1356 3946 1592 3997 incolae”.
1647 3946 1852 3997 Prorsus
1889 3950 2049 3994 tamen
2087 3945 2203 3993 haec
2238 3944 2500 4007 explicatio

247 4032 507 4097 rejicienda
560 4032 771 4089 videtur,
826 4030 936 4095 quia
990 4036 1174 4095 pugnat
1222 4030 1280 4079 1⁰
1321 4047 1431 4080 cum
1485 4031 1602 4093 legis
1657 4030 1812 4078 verbis
1870 4030 1951 4078 ubi
1998 4030 2175 4077 diserte
2228 4028 2388 4090 agitur
2443 4028 2504 4076 de

250 4118 491 4179 municipe
539 4117 629 4165 sibi
679 4117 794 4177 ipsi,
852 4130 945 4163 non
983 4115 1065 4163 alii
1118 4119 1328 4163 tutorem
1372 4114 1660 4179 postulante.
1699 4113 1755 4162 2⁰
1803 4130 1910 4161 cum
1951 4111 2060 4175 jure
2107 4111 2403 4169 incolarum3
2447 4112 2502 4160 in

248 4202 337 4251 illo
377 4200 637 4264 municipio
672 4200 800 4247 enim
834 4200 917 4249 ubi
951 4199 1137 4247 incolae
1184 4203 1297 4247 sunt
1333 4215 1578 4263 nunquam
1614 4198 1672 4247 iis
1709 4200 1846 4247 tutor
1880 4197 1984 4245 dari
2020 4198 2208 4260 potest3
2243 4196 2351 4244 vide
2387 4210 2507 4259 quae

244 4302 391 4353 supra
426 4284 663 4349 disputavi
698 4285 747 4333 in
786 4285 993 4334 Dissert.
1029 4301 1073 4349 p.
1118 4285 1412 4334 loo—103.

396 4373 430 4433 ¹)
500 4371 557 4419 In
600 4371 842 4419 Comment.
880 4371 1013 4419 laud.
1054 4386 1100 4433 p.
1146 4371 1262 4418 131.

396 4456 437 4521 2)
508 4456 625 4509 Vide
663 4456 790 4507 Diu.
827 4472 880 4520 p.
920 4455 1016 4504 223
1056 4460 1157 4504 not.
1196 4457 1242 4505 6.

2139 4548 2214 4608 15
