3027 5263
1615 561 1741 623 148

547 756 750 841 ritque
799 753 1129 835 intercedi,
1206 752 1369 840 quod
1420 754 1548 819 eius
1604 754 1886 819 adversus
1944 754 2101 838 bane
2148 755 2343 843 legem
2394 780 2519 823 non
2568 760 2673 825 fiat
2733 769 2797 827 et

547 884 696 948 dum
761 905 839 948 ne
903 882 1165 971 amplius
1238 904 1420 968 quam
1493 881 1676 947 semel
1748 883 2005 969 quisque
2078 907 2284 949 eorum
2359 886 2424 949 in
2474 889 2683 954 eadem
2729 914 2794 955 re

551 1009 950 1096 appelletur.”

735 1138 884 1203 Ideo
934 1138 1081 1202 haec
1129 1137 1354 1224 placita
1403 1138 1563 1203 tenti
1596 1137 1871 1204 facienda
1896 1145 2038 1203 sunt
2067 1140 2211 1224 quia
2237 1163 2479 1226 prorsus
2511 1144 2791 1229 ignotum

543 1272 672 1331 erat
697 1272 828 1330 tum
859 1266 1016 1329 intra
1040 1265 1308 1329 triduum
1337 1287 1372 1329 a
1399 1265 1496 1329 die
1531 1265 1953 1351 appellationis
1983 1266 2480 1333 intercedendum
2509 1271 2695 1336 fuisse
2726 1275 2800 1359 ¹),

540 1402 675 1459 tum
734 1394 800 1457 in
867 1394 1076 1459 eadem
1125 1415 1305 1457 causa
1354 1392 1537 1457 semel
1603 1399 1842 1459 tantum
1893 1394 2195 1480 appellare
2244 1396 2484 1462 licuisse
2518 1400 2611 1481 2);
2664 1400 2797 1485 lege

547 1521 916 1607 Salpensana
1016 1520 1267 1585 edoctus
1342 1519 1506 1584 idem
1580 1520 1807 1585 Rornae
1872 1520 2007 1605 jure
2058 1528 2142 1595 ‚et
2218 1546 2379 1587 more
2454 1525 2794 1591 obtinuisse

547 1650 804 1734 conjicio
853 1655 1122 1734 tempore
1173 1647 1561 1733 reipublicae.
1617 1648 2000 1713 Limonum
2035 1656 2243 1714 eontra
2294 1673 2427 1715 cum
2465 1654 2793 1719 terminum

544 1776 959 1842 intercessioni
1008 1782 1303 1841 statutum
1359 1776 1623 1853 videret,
1676 1777 1967 1841 exclamat
2002 1777 2086 1860 ³):
2186 1778 2291 1856 „11
2326 1780 2557 1845 semble
2596 1781 2791 1847 meme

546 1906 769 1991 qu'une
820 1903 1066 1988 pareille
1114 1926 1352 1968 mesure
1395 1904 1515 1967 soit
1542 1903 1968 1968 inconciliable
1997 1927 2139 1969 avec
2164 1906 2220 1970 le
2248 1908 2547 1973 caractere
2580 1910 2791 1975 absolu

1520 2032 1555 2059 ²,

541 2032 646 2097 des
704 2032 1153 2117 magistratures
1201 2032 1515 2095 romaineS.
1654 2032 1855 2095 Multo
1907 2033 2097 2116 magis
2146 2034 2197 2097 ei
2266 2038 2566 2099 contraria
2600 2038 2793 2103 videri

542 2159 720 2224 debet
757 2158 1002 2223 illorum
1051 2158 1338 2243 potestati
1389 2159 1741 2223 intercessio
1793 2159 1854 2221 in
1906 2159 2215 2223 nonnullis
2262 2160 2497 2247 legibus
2548 2188 2788 2249 prorsus

543 2286 850 2374 prohibita
869 2312 887 2364 3
980 2292 1260 2351 neutrum
1329 2296 1533 2349 tamen
1598 2287 1815 2350 mirum
1886 2286 2157 2350 videtur:
2232 2288 2362 2373 lege
2433 2292 2791 2375 prohibetur

545 2416 896 2481 intercessio
911 2465 929 2494 ,
981 2414 1114 2501 lege
1163 2437 1408 2500 quoque
1457 2421 1700 2501 tempus
1750 2422 1810 2478 et
1859 2414 2073 2480 modus
2108 2416 2412 2482 definitur.
2466 2418 2629 2505 Lege
2662 2422 2791 2485 Sal-

541 2566 810 2630 pensana
875 2565 1120 2627 quoque
1187 2544 1545 2627 prohibetur
1608 2544 1952 2608 intercessio
2018 2544 2079 2607 in
2132 2545 2498 2629 quibusdam
2552 2550 2784 2628 causis3

543 2674 659 2737 hoe
709 2672 867 2736 enim
918 2671 1263 2756 significant
1313 2671 1490 2736 verba
1542 2672 1814 2736 laudata:
1866 2673 2078 2758 „quod
2130 2674 2259 2737 eius
2308 2675 2589 2742 adversus
2631 2679 2787 2742 hanc

536 2801 735 2886 legem
800 2821 924 2863 non
989 2798 1174 2879 fiat,”
1210 2800 1257 2884 4)
1313 2807 1528 2864 notum
1600 2806 1803 2864 tamen
1854 2824 1979 2865 non
2030 2808 2119 2865 est
2168 2825 2321 2887 quae
2371 2803 2597 2869 fuerint
2647 2805 2786 2871 illae

535 2950 751 2994 causae
810 2949 948 2993 eum
998 2926 1064 2991 in
1115 2933 1283 3012 parte
1333 2927 1486 3012 legis
1539 2928 1859 3012 superstite
1910 2951 2034 2992 non
2094 2929 2427 2994 tradantur.
2528 2932 2603 2995 In
2653 2932 2784 3017 lege

538 3055 938 3135 Malaeitana,
989 3061 1290 3141 quatenus
1341 3056 1416 3120 ad
1467 3078 1579 3119 nos
1628 3057 1841 3120 saltem
1890 3056 2265 3142 pervenerit,
2319 3057 2382 3121 in
2435 3081 2557 3123 una
2606 3081 2783 3125 eausa

530 3184 844 3272 prohibita
919 3191 1009 3249 est
1071 3183 1458 3262 intercessio,
1536 3206 1618 3248 sc.
1682 3207 1758 3249 ne
1827 3185 2072 3249 comitia
2146 3184 2483 3251 habeantur
2556 3187 2782 3273 perfici·

531 3327 712 3378 antur
743 3311 810 3395 ³).

670 3635 705 3698 ¹)
777 3634 984 3684 Biiuum
1040 3633 1113 3683 vel
1153 3634 1364 3684 triduum
1421 3637 1628 3698 (tempus
1682 3634 1842 3684 differt
1889 3649 1975 3700 pro
2013 3633 2169 3683 causis
2208 3633 2427 3694 diversis)
2464 3649 2519 3682 ex
2560 3635 2636 3684 die
2674 3651 2777 3686 sen-

519 3717 697 3772 tentiae
754 3720 882 3770 latae
935 3723 1124 3786 tempus
1179 3719 1326 3769 fuisse
1373 3719 1502 3768 intra
1558 3720 1683 3783 quod
1723 3720 1809 3769 sub
1848 3719 2226 3783 Imperator-ibus
2265 3719 2498 3784 appellari
2535 3726 2782 3785 oporteret

521 3810 691 3856 notum
725 3811 801 3856 est
833 3821 892 3856 ex
928 3805 1164 3872 Digestis;
1207 3805 1314 3854 vide
1350 3805 1443 3868 leg.
1483 3805 1509 3854 1
1550 3808 1572 3866 §
1611 3808 1657 3855 5.
1696 3806 1741 3854 6.
1786 3805 1864 3856 11.
1904 3804 2087 3855 14.15.
2111 3806 2201 3869 leg.
2225 3805 2255 3854 2
2294 3808 2411 3868 ρας
2440 3805 2483 3856 1.
2509 3805 2568 3856 D.
2589 3810 2782 3870 quando

518 3891 698 3954 appell.
748 3894 796 3940 et
850 3891 981 3940 intra
1013 3906 1135 3956 quae
1167 3893 1378 3954 tempora
1413 3891 1609 3956 (49.4).
1659 3890 1766 3939 Hoc
1803 3893 1961 3940 tamen
2000 3893 2235 3939 mutatum
2271 3892 2346 3939 est
2380 3905 2407 3938 a
2444 3903 2784 3952 Jus'rmuxo,

525 3973 733 4028 Novella
771 3975 853 4025 23.

659 4061 700 4120 ²)
770 4059 952 4110 Notum
989 4063 1062 4110 est
1094 4071 1446 4112 Jusrmunun
1481 4061 1852 4127 appellationem
1882 4060 1953 4110 bis
1982 4077 2075 4110 non
2106 4063 2177 4110 ter
2202 4060 2516 4122 concessisse3
2550 4061 2662 4112 vide
2688 4062 2782 4130 leg.

519 4163 601 4198 un.
638 4145 760 4197 eod.
792 4161 853 4196 ne
886 4145 1030 4195 liceat
1066 4146 1118 4194 in
1153 4163 1250 4196 vna
1283 4144 1461 4208 (7:70).

661 4230 701 4292 ³)
775 4229 892 4280 Vide
927 4245 1034 4280 eum
1073 4230 1121 4280 in
1160 4231 1254 4295 Op.
1289 4232 1358 4280 les
1402 4231 1560 4280 Tables
1597 4247 1639 4296 p.
1681 4232 1766 4280 24.

655 4315 697 4378 4)
770 4313 980 4365 Eandem
1031 4317 1316 4366 sententiam
1371 4317 1442 4365 his
1498 4315 1657 4366 verbis
1714 4315 1884 4366 tribuit
1937 4327 2212 4366 nnnnnuno
2259 4315 2306 4364 in
2356 4317 2606 4367 Comment.
2646 4321 2780 4372 laud.

520 4419 567 4472 p.
612 4401 695 4452 89.

647 4485 692 4556 ³)
769 4484 883 4537 Vide
919 4483 1034 4552 Cap.
1074 4485 1136 4536 58
1171 4485 1288 4552 quis
1323 4487 1442 4538 Mal.
