3027 5263
1568 582 1699 645 152

691 776 980 863 Superest
1027 780 1096 839 ut
1141 774 1561 859 quaestionem
1608 772 1907 860 attingam
1926 824 1945 854 ,
1998 779 2301 859 quatenus
2346 773 2479 838 sive
2526 796 2649 859 qua
2682 775 2766 841 de

501 928 565 972 re
614 902 924 970 conveniri
970 902 1280 989 potuerint
1327 902 1718 987 magistratus
1751 899 2169 987 municipales,
2266 901 2363 965 Ex
2400 902 2674 988 Digestis
2718 904 2764 988 ¹)

505 1032 788 1099 novimus
837 1052 938 1095 eos
987 1028 1167 1115 vulgo
1214 1051 1338 1095 non
1387 1028 1597 1093 dolum
1648 1027 2033 1093 solummodo
2080 1028 2185 1093 sed
2234 1036 2295 1093 et
2332 1028 2520 1093 latam
2571 1029 2766 1116 negli-

501 1160 768 1250 gentiam
819 1165 1246 1243 praetereaque
1295 1155 1677 1242 diligentiam
1728 1164 2030 1241 praestare
2080 1155 2361 1221 debuisse
2375 1184 2394 1237 3
2448 1156 2765 1223 sufficeret

504 1290 618 1355 hoc
651 1296 722 1353 ut
753 1286 914 1353 idem
941 1307 1183 1372 quoque
1213 1285 1280 1349 in
1313 1284 1665 1369 municipiis
1690 1284 1919 1349 Flaviis
1956 1308 2069 1350 usu
2106 1285 2342 1350 venisse
2378 1285 2722 1352 diceremus
2740 1311 2763 1364 3

501 1416 668 1504 leges
715 1422 920 1481 tamen
965 1422 1202 1479 nostrae
1251 1412 1316 1477 in
1363 1412 1480 1477 hac
1528 1434 1771 1498 quoque
1820 1434 2000 1478 causa
2047 1412 2225 1479 nobis
2274 1413 2399 1479 sint
2444 1414 2653 1481 duces·

687 1542 960 1609 Malacae
1006 1540 1452 1628 Salpensaeque
1485 1540 1877 1627 magistratus
1906 1540 2119 1605 dolum
2152 1542 2530 1628 praestitisse
2562 1542 2757 1609 dubio

499 1679 691 1739 vacat.
811 1670 914 1737 Ne
1001 1668 1198 1735 dicam
1297 1668 1458 1733 enim
1547 1668 1623 1733 de
1694 1666 1910 1755 Capite
1984 1672 2071 1734 26
2156 1669 2312 1757 legis
2382 1670 2549 1758 Salp.
2633 1693 2758 1758 quo

491 1802 695 1888 jurare
755 1796 1044 1885 jubentur
1105 1820 1349 1875 omneS,
1417 1819 1783 1883 quocunque
1848 1797 2075 1863 honore
2139 1798 2413 1867 functuri
2461 1801 2625 1881 sint,
2692 1824 2763 1866 se

495 1929 652 1995 nihil
707 1927 971 1992 facturos
1033 1926 1294 1991 scientes
1360 1924 1500 1989 dolo
1570 1926 1766 2003 malo,
1836 1948 1987 1991 neve
2048 1926 2125 1991 de
2192 1926 2408 2013 Capite
2458 1930 2544 1993 58
2597 1928 2757 2015 legis

503 2055 698 2134 Mal„
787 2054 894 2119 ubi
969 2053 1178 2118 dolum
1243 2053 1577 2119 admissum
1639 2076 1837 2140 poena
1904 2056 2165 2120 coerceri
2229 2056 2507 2121 videmus
2524 2084 2543 2137 3
2616 2058 2761 2122 toti·

503 2184 642 2251 dem
706 2180 904 2249 verbis
965 2182 1032 2248 in
1095 2180 1310 2267 Capite
1372 2185 1456 2246 60
1521 2182 1619 2246 lex
1666 2182 2039 2248 Malacitana
2097 2183 2755 2270 IIviro⁸praeseribitt

503 2312 648 2393 „Ne
695 2311 826 2377 sine
875 2309 1018 2375 dolo
1088 2307 1248 2373 malo
1312 2309 1564 2395 praedes
1612 2308 1938 2395 aecipit0.''
2034 2310 2329 2391 Quamvis
2377 2312 2526 2377 haec
2574 2312 2761 2379 verba

500 2441 577 2507 ad
624 2438 888 2505 IIvirum
945 2436 1140 2501 solum
1191 2442 1463 2522 spectent
1513 2438 1618 2522 qui
1666 2436 1911 2501 comitia
1958 2436 2181 2501 habeat
2230 2438 2457 2525 quique
2506 2440 2761 2526 praedes

504 2567 764 2655 accipiat
813 2590 847 2634 a
895 2564 1273 2646 candidatiS,
1326 2563 1723 2629 nihilominus
1756 2586 1877 2629 non
1912 2564 2132 2629 dubito
2167 2566 2314 2651 quin
2357 2566 2521 2634 idem
2570 2568 2760 2634 etiam

505 2695 886 2763 referendum
935 2694 1018 2758 sit
1066 2692 1139 2757 ad
1192 2692 1461 2757 IIvirum
1515 2692 1620 2778 qui
1669 2691 1919 2778 praedes
1968 2694 2227 2780 accipiat
2276 2694 2355 2760 ab
2405 2697 2481 2760 iis
2516 2697 2622 2783 qui
2660 2719 2758 2763 ve-

507 2823 758 2909 ctigalia
805 2821 1318 2907 ultroquetributa
1388 2821 1803 2886 redemissent.
1904 2821 2110 2886 Poena
2160 2831 2363 2888 tamen
2420 2846 2575 2908 quae
2630 2825 2756 2890 fue-

510 2953 626 3032 rit,
677 2950 729 3015 si
777 2956 988 3016 contra
1033 2949 1226 3034 legem
1277 2947 1556 3027 fecisset,
1608 2947 1745 3011 aliis
1795 2947 2021 3028 verbiS,
2094 2949 2145 3012 si
2196 2949 2336 3014 dolo
2385 2951 2545 3016 malo
2594 2975 2764 3037 prae·

509 3079 613 3143 des
661 3076 989 3162 accepisset
1034 3098 1161 3140 non
1193 3075 1477 3154 idoneoS,
1518 3075 1813 3140 traditum
1845 3097 1969 3140 non
2004 3081 2095 3139 est
2108 3101 2127 3156 3
2163 3075 2522 3162 plerumque
2555 3084 2761 3144 tamen

507 3211 753 3293 propter
801 3204 1008 3268 dolum
1057 3202 1218 3267 actio
1267 3202 1332 3266 iu
1382 3202 1637 3288 duplum
1688 3202 2040 3267 conceditur
2072 3202 2142 3286 ²).
2456 3171 2467 3182 ἱ

685 3332 776 3396 De
829 3329 1291 3415 magistratuum
1341 3329 1523 3414 culpa
1572 3331 1637 3394 in
1684 3329 1818 3415 lege
1872 3329 2037 3393 nihil
2088 3336 2334 3395 cautum
2369 3330 2755 3413 invenimuS,

509 3461 594 3525 ita
641 3465 712 3524 ut
751 3458 854 3544 jus
907 3478 1228 3522 commune
1276 3458 1342 3522 in
1393 3458 1506 3522 hac
1556 3479 1618 3521 re
1666 3457 2046 3521 observatum
2098 3457 2282 3522 fuisse
2331 3467 2564 3544 putem.

694 3587 790 3652 De
852 3584 1338 3670 magistratibUS,
1408 3585 1660 3670 opinor,
1729 3591 2025 3669 quantum
2092 3607 2199 3671 per
2262 3584 2427 3670 leges
2490 3587 2754 3669 licebat,

508 3716 655 3781 satis
737 3714 1029 3791 disserui;
1115 3712 1328 3798 populi
1417 3734 1660 3796 quoque
1763 3711 2142 3797 Sonat-usque
2240 3719 2599 3797 potestatem
2689 3716 2753 3781 in

507 3842 818 3929 republica
866 3840 1235 3906 Malacitana
1284 3846 1344 3904 et
1393 3839 1765 3924 Salpensana
1812 3839 2102 3924 exposui,
2154 3839 2240 3904 ita
2296 3847 2366 3904 ut
2408 3841 2470 3904 in
2500 3842 2605 3926 jus
2640 3845 2756 3929 pri-

511 3979 717 4035 vatum
782 3969 1288 4034 Malacitanorum
1353 3977 1413 4033 et
1461 3968 1967 4053 Salpensanorum
2031 3967 2336 4052 inquirere
2376 3969 2504 4054 jam
2552 3993 2754 4057 posse·

509 4122 674 4175 mm,
711 4098 834 4162 nisi
868 4104 1238 4183 superesset,
1275 4097 1438 4183 quod
1462 4119 1645 4183 supra
1671 4095 1970 4183 attingere
1998 4120 2093 4162 me
2118 4099 2399 4176 memini,
2437 4121 2756 4186 argumen-

657 4413 694 4475 ¹)
766 4412 884 4461 Vide
919 4411 1009 4474 leg.
1049 4413 1078 4461 6
1120 4413 1179 4462 D.
1214 4413 1273 4461 de
1304 4412 1429 4461 adm.
1466 4428 1559 4461 rer.
1598 4411 1771 4472 (50.8).

654 4499 693 4562 ²)
765 4499 881 4548 Vide
918 4497 1011 4561 leg.
1048 4497 1077 4546 9
1117 4500 1138 4559 ς
1175 4502 1222 4548 4.
1260 4499 1320 4548 D.
1358 4498 1416 4546 de
1448 4498 1571 4547 adm.
1608 4512 1702 4547 rer.
1740 4497 1911 4559 (50.8).
