3027 5263
1308 602 1430 663 101

237 793 504 877 quelque
578 793 755 857 chose
806 792 1035 857 d'inoui
1085 815 1161 857 en
1212 792 1374 855 droit
1421 790 1716 855 romain.’'
1812 791 2151 857 Notissima
2202 816 2347 857 sane
2396 816 2488 857 res

246 928 382 997 est,
474 920 538 983 in
619 920 753 1003 jure
833 920 1110 983 Romano
1190 919 1353 983 aliud
1428 919 1586 982 circa
1665 918 1885 983 tutoris
1965 920 2271 985 dationem
2346 921 2499 1005 juris

241 1044 470 1122 fuisse3
537 1068 611 1109 ex
674 1046 807 1129 lege
855 1047 1018 1109 enim
1068 1046 1260 1109 Atilia
1301 1046 1403 1129 jus
1453 1045 1638 1109 dandi
1688 1046 1909 1110 tutoris
1957 1047 2186 1110 Romae
2234 1046 2496 1111 habebat

243 1180 488 1256 praetor
559 1178 620 1236 et
693 1172 882 1255 major
955 1194 1093 1258 pars
1141 1171 1525 1236 tribunorum
1568 1173 1645 1256 ¹);
1698 1172 1763 1236 in
1818 1174 2145 1258 provinciis
2178 1195 2317 1237 vero
2366 1172 2499 1259 lege

243 1298 419 1363 Julia
499 1304 560 1362 et
630 1298 793 1362 Titia
863 1299 1085 1361 tutoris
1159 1298 1328 1361 datio
1402 1298 1784 1383 praesidibus
1860 1300 2315 1384 provinciarum
2396 1300 2497 1363 de·

243 1423 580 1502 ferebatur,
635 1425 742 1507 qui
791 1429 1024 1487 tutores
1073 1424 1298 1487 dabant
1347 1432 1487 1509 post
1522 1426 1996 1490 nominationem
2030 1429 2497 1512 magistratuum

247 1551 732 1636 municipalium.
807 1550 1024 1634 Itaque
1072 1572 1136 1613 re
1189 1572 1326 1613 vera
1375 1573 1647 1634 pugnare
1698 1552 1935 1615 videtur
1984 1551 2083 1615 lex
2130 1552 2499 1637 Salpensana

247 1700 391 1742 cum
443 1678 770 1762 praeceptis
811 1678 968 1763 juris
1033 1678 1332 1754 Romani,
1399 1677 1877 1741 obliviscendum
1942 1685 2148 1743 tamen
2194 1702 2320 1743 non
2369 1686 2493 1758 est,

240 1805 407 1891 juris
478 1805 737 1869 Romani
809 1804 1026 1889 placita
1099 1804 1176 1867 ad
1242 1805 1400 1867 cives
1451 1805 1757 1867 Romanos
1807 1811 2046 1869 tantum
2095 1812 2365 1891 spectare
2397 1808 2497 1895 ²),

251 1941 320 1997 et
367 1933 558 2017 legem
606 1931 836 1996 ‚Iuliam
888 1941 948 1995 et
996 1931 1220 1995 Titiam
1273 1932 1536 2016 praesidi
1569 1933 1913 2016 provinciae
1947 1940 2186 1997 tantum
2238 1940 2308 1998 ut
2339 1940 2503 1999 tuto-

252 2082 384 2125 rem
435 2061 536 2123 det
585 2060 824 2123 civibus
873 2059 1162 2122 Romanis
1213 2059 1535 2136 mandare,
1584 2059 1669 2122 ita
1719 2067 1789 2123 ut
1844 2060 1921 2122 ad
1960 2060 2209 2123 Latinos
2257 2061 2503 2126 extendi

253 2194 522 2271 nequeat
585 2187 714 2249 eius
759 2192 1066 2269 potestaS,
1131 2207 1394 2269 quocum
1445 2186 1674 2269 optime
1722 2186 2006 2249 convenit
2051 2187 2288 2252 nullam
2334 2210 2503 2273 prae—

251 2313 406 2377 sidis
456 2313 822 2376 mentionem
873 2312 999 2375 fieri
1053 2312 1114 2374 in
1167 2312 1300 2397 lege
1348 2311 1737 2395 Salpensana.

453 2440 654 2519 Quam
703 2440 906 2524 gravis
956 2439 1178 2501 tutoris
1229 2438 1392 2500 datio
1426 2438 1490 2501 in
1528 2438 1862 2522 municipio
1897 2438 2268 2525 Salpensano
2294 2440 2501 2506 habita

259 2568 349 2631 sit
422 2589 497 2631 ex
569 2588 638 2629 eo
687 2574 935 2651 apparet
983 2565 1148 2651 quod
1201 2565 1361 2627 IIvir
1410 2588 1535 2628 non
1586 2565 1751 2628 solus
1802 2574 2066 2631 tutorem
2115 2568 2254 2634 dare
2303 2574 2507 2654 potest

253 2695 366 2760 sed
437 2703 569 2758 tum
638 2694 917 2770 demum,
985 2694 1039 2756 si
1089 2716 1298 2756 omnes
1349 2693 1650 2778 collegae,
1703 2695 1827 2757 sive
1878 2717 2067 2759 unum
2120 2696 2246 2760 sive
2302 2695 2506 2781 plures

255 2821 482 2886 habeat
511 2821 593 2901 ³),
662 2820 1092 2884 consenserint.
1177 2820 1241 2883 Si
1292 2819 1497 2883 nullus
1535 2819 1695 2882 adsit
1742 2821 1975 2905 collega
2024 2823 2155 2885 eius
2196 2823 2263 2886 in
2312 2824 2507 2888 muni·

253 2949 454 3035 cipio,
505 2948 655 3013 ordo
704 2947 1093 3034 municipalis
1152 2947 1517 3033 collegarum
1568 2947 1757 3012 vicem
1803 2955 2083 3034 praestat.

259 3143 668 3153 -—-—-——-——-———

405 3291 441 3352 1)
508 3290 627 3338 Vide
680 3303 842 3340 onim
877 3291 998 3340 Inst.
1035 3291 1062 3341 I
1098 3294 1120 3352 5
1162 3293 1276 3341 185.
1312 3305 1583 3342 varranum
1622 3293 1709 3352 11,
1752 3293 1813 3342 18
1852 3295 1899 3341 et
1938 3292 2156 3344 [restitut.
2193 3293 2371 3344 Juetin.
2407 3293 2514 3343 Libl

261 3376 313 3427 1.
347 3374 444 3424 Tit.
482 3375 545 3423 20
571 3391 642 3439 pr.
680 3377 739 3423 cs.
777 3389 956 3424 uvion
998 3377 1105 3425 lib.
1142 3378 1206 3425 39
1245 3377 1420 3440 Caput.
1459 3378 1504 3428 9.

411 3460 450 3521 2)
518 3460 715 3508 Etiamsi
753 3462 944 3510 Malaca
978 3469 1026 3509 et
1063 3462 1290 3526 Salpensa
1327 3463 1526 3510 fuissent
1560 3462 1819 3525 municipia
1857 3462 2031 3511 civium
2052 3462 2407 3521 Romanorum,
2439 3461 2512 3512 vel

257 3545 330 3593 sic
379 3548 535 3593 tamen
585 3545 758 3593 iniuria
794 3559 1099 3594 ιΔΒουιΑΥκ
1137 3549 1312 3594 tutoris
1349 3549 1591 3595 dationem
1629 3547 1882 3610 denegaret
1919 3547 2275 3608 magistratibus
2310 3547 2515 3596 munici-

258 3629 475 3694 palibu83
529 3645 636 3678 cum
689 3630 815 3678 enim
851 3632 972 3678 ratio
1010 3631 1298 3694 procedendi
1335 3647 1390 3678 ex
1429 3632 1530 3691 lege
1566 3632 1696 3678 Julia
1733 3639 1781 3678 et
1817 3632 1943 3679 Titia
1979 3634 2168 3688 (tutoris
2205 3631 2450 3680 dationem
2492 3648 2521 3680 a

258 3714 478 3779 praeside
519 3718 629 3776 post
675 3715 1048 3762 nominationem
1090 3721 1398 3777 magistratus
1451 3715 1776 3777 municipalis)
1829 3715 1971 3762 nimis
2025 3715 2211 3778 prolixa
2248 3715 2520 3774 videretur,

259 3813 375 3846 mox
411 3802 596 3846 tutores
647 3798 750 3846 dari
788 3801 944 3861 coepti
981 3805 1092 3848 sunt
1128 3815 1153 3846 a
1191 3799 1549 3861 magistratibus
1588 3800 1877 3855 minoribus,
1901 3799 2037 3862 jussu
2066 3799 2361 3863 praesidum,
2401 3815 2520 3864 pau·

255 3881 470 3944 atimque
497 3883 732 3939 invaluit,
760 3888 811 3930 ut
835 3883 928 3946 ipsi
965 3884 1066 3931 sine
1087 3883 1227 3946 jussu
1255 3884 1527 3947 praesidum
1566 3891 1750 3932 tutores
1788 3885 1969 3931 darent.
2013 3884 2101 3931 Jus
2138 3882 2282 3930 dandi
2318 3889 2524 3935 tutores.

259 3979 426 4015 :naor
478 3979 714 4024 Anasta,
767 3980 1048 4023 nanuum,
1105 3968 1202 4016 imo
1238 3968 1385 4030 ipsius
1417 3981 1699 4032 ⁴nonarum
1754 3977 1969 4031 tempore
2023 3967 2380 4030 magistratibus
2418 3983 2522 4017 mu·

260 4051 548 4114 nicipalihus
585 4053 884 4116 competiisse
918 4052 1082 4101 multis
1119 4053 1434 4116 Digestorum
1469 4051 1589 4100 locis
1624 4053 1883 4116 probatur3
1922 4052 2031 4100 vide
2066 4065 2257 4100 emam)
2294 4051 2341 4099 in
2378 4051 2465 4114 Op.
2486 4053 2524 4102 1.

259 4152 311 4200 p.
352 4134 641 4186 147—155.

400 4219 438 4282 ³)
511 4220 690 4267 Mirum
749 4220 897 4268 videri
949 4224 1112 4285 posset
1165 4221 1212 4268 in
1267 4221 1356 4269 hac
1391 4220 1511 4284 legis
1547 4225 1685 4285 parte
1721 4221 1778 4269 de
1817 4235 1912 4268 uno
1946 4219 2025 4267 vel
2063 4219 2281 4283 pluribus
2317 4219 2513 4283 collegis

257 4303 408 4354 IIviri
443 4305 734 4354 mentionem
771 4306 904 4362 fieri;
940 4310 1070 4354 recte
1104 4319 1355 4354 nonnisi-221
1382 4307 1697 4363 (Sladtreckte
1714 4322 1755 4368 p.
1788 4306 1913 4362 438,
1942 4305 2000 4354 cf.
2030 4320 2217 4368 quoque
2242 4317 2518 4355 nummum

256 4389 308 4438 in
369 4390 616 4438 Commeat.
651 4391 685 4438 l.
722 4405 768 4453 p.
811 4390 894 4452 91)
930 4391 998 4439 ita
1033 4390 1154 4438 illud
1191 4391 1308 4455 legis
1345 4390 1579 4454 placitum
1631 4389 1927 4453 explicavit,
1978 4397 2032 4438 ut
2068 4389 2245 4438 aediles
2282 4389 2373 4438 hoe
2409 4389 2516 4439 loco

257 4471 554 4538 collegarum
573 4473 891 4538 appellatione
914 4475 1264 4525 contineantur.
1303 4474 1538 4539 Quamvis
1567 4474 1835 4524 IIvirorum
1860 4474 2179 4538 sediliumqne
2204 4474 2518 4524 ministerium
