3027 5263
1352 589 1482 652 201

289 786 425 872 lege
472 784 645 850 Aelia
694 784 942 859 Sentia3
992 781 1211 847 deinde
1264 803 1405 846 voce
1457 781 1972 860 „manumittere”
2021 781 2084 844 in
2117 779 2251 866 lege
2299 777 2547 864 Salpen-

288 936 434 980 sana
482 911 1017 979 manumissionem
1050 933 1155 996 per
1190 909 1518 973 vindictam
1551 908 1806 974 indicari
1826 957 1844 986 ‚
1875 929 2078 984 nem0‚
2111 908 2365 993 opinor,
2403 927 2540 970 casu

285 1042 572 1117 fortuit0,
627 1040 817 1105 veluti
865 1039 1013 1102 vitio
1046 1037 1403 1122 sculptoris,
1440 1035 1619 1101 verba
1653 1036 1954 1115 „liberum
1993 1058 2119 1100 esse
2141 1032 2397 1119 jubere'’
2430 1033 2546 1098 hoc

286 1170 421 1234 loco
486 1168 702 1233 omissa
774 1189 904 1232 esse
968 1165 1314 1232 contendet.
1411 1163 1548 1229 Imo
1614 1163 1890 1229 consulto
1953 1186 2080 1228 non
2131 1163 2362 1248 adjecta
2411 1183 2543 1226 esse

283 1304 474 1382 put0,
541 1295 719 1380 quia,
784 1293 877 1358 uti
940 1292 1075 1379 jure
1136 1293 1412 1356 Romano
1470 1290 1767 1370 invaluit,
1841 1289 2054 1356 eodem
2105 1290 2283 1376 modo
2333 1288 2542 1353 Latini

285 1446 531 1510 quoque
582 1424 849 1488 minores
901 1424 983 1486 20
1036 1443 1335 1486 annorum
1383 1425 1624 1485 tantum
1675 1441 1796 1484 una
1828 1420 2064 1485 ratione
2113 1419 2545 1485 manumittere

289 1552 573 1637 potuisse
609 1551 944 1615 videantur.

476 1678 693 1763 Itaque
726 1679 778 1741 si
814 1678 1084 1742 diversae
1117 1675 1612 1742 manumissionis
1645 1674 1870 1740 formae
1904 1675 2102 1741 verbis
2137 1674 2260 1740 illis
2286 1697 2545 1755 „manu-

288 1805 569 1872 mittere”
618 1815 679 1871 et
728 1804 1035 1885 „liberum
1082 1825 1207 1868 esse
1247 1803 1497 1890 jubere”
1548 1803 1935 1882 indicantur,
1987 1805 2299 1870 videamus
2346 1802 2546 1889 quae?

477 1931 677 1998 Verbo
719 1934 845 2018 jam
894 1933 1106 1998 monui
1139 1930 1649 2010 „manumittere”
1681 1954 1818 1996 eum
1856 1932 1978 1998 dici
2013 1933 2121 2017 qui
2154 1932 2546 1999 manumittat

287 2060 591 2140 vindicta,
640 2083 761 2146 qua
810 2060 964 2125 servi
1011 2059 1308 2124 liberandi
1341 2059 1574 2124 ratione
1606 2059 1811 2125 Latini
1849 2061 2056 2146 procul
2092 2061 2277 2126 dubio
2313 2061 2401 2124 uti
2438 2084 2547 2146 po·

289 2197 572 2267 merant,
616 2189 842 2276 quippe
878 2189 981 2273 qui
1010 2189 1370 2254 commercio
1396 2187 1728 2274 gauderent
1747 2213 1766 2266 3
1802 2188 2110 2266 „liberum
2145 2210 2270 2253 esse
2296 2186 2547 2276 jubere”

292 2317 506 2382 eadem
541 2317 838 2382 sententia
887 2317 951 2379 in
1001 2316 1135 2400 lege
1198 2315 1569 2401 Salpensana
1631 2316 1826 2402 accipi
1877 2316 2092 2401 nequit
2140 2338 2258 2400 qua
2307 2316 2368 2380 in
2413 2316 2549 2400 jure

294 2445 607 2524 Roman03
659 2443 725 2506 in
775 2441 993 2528 Capite
1042 2443 1205 2507 enim
1258 2446 1343 2506 28
1395 2442 1576 2506 huius
1623 2441 1776 2528 legis
1824 2449 2064 2507 tantum
2115 2465 2310 2508 sermo
2360 2448 2450 2506 est
2473 2441 2550 2507 dc

294 2571 485 2637 servis
534 2573 699 2655 apud
742 2571 1151 2653 maqistratum
1200 2571 1697 2635 manumittendis
1740 2571 1814 2655 ¹),
1869 2593 1990 2657 quo
2025 2572 2094 2635 fit
2131 2577 2197 2636 ut
2231 2570 2305 2636 ad
2341 2593 2550 2635 manu-

431 2891 466 2953 ¹)
542 2891 657 2940 vide
696 2890 951 2940 Rubi-icam
981 2890 1180 2955 Capitis.
1241 2891 1345 2939 Hoc
1371 2890 1601 2954 placitum
1627 2889 1744 2953 legis
1771 2889 2093 2955 Salpenssnae
2117 2890 2191 2939 vir
2215 2906 2345 2939 cons.
2376 2903 2557 2939 astina

284 2977 410 3025 ferre
431 2991 523 3025 non
544 2976 718 3041 potuit.
741 2976 871 3024 Dicit
894 2977 937 3024 in
966 2977 1212 3025 Comment.
1238 2976 1369 3024 laud.
1390 2990 1437 3039 p.
1462 2976 1574 3025 121.
1598 2990 1672 3025 no.
1696 2976 1741 3023 3.
1765 2974 2028 3031 „L'anteur
2049 2974 2131 3024 des
2151 2974 2320 3024 Tables
2340 2974 2555 3040 imagine

284 3078 379 3126 que
406 3076 588 3109 comme
618 3062 664 3109 la
700 3061 1041 3110 manumission
1079 3060 1219 3109 civile
1257 3061 1302 3109 la
1342 3058 1449 3124 plus
1486 3058 1664 3118 uestes,
1706 3059 1824 3108 celle
1861 3075 1946 3123 per
1971 3060 2261 3120 vindictam,
2296 3060 2340 3109 la
2379 3076 2546 3110 munn-

284 3147 482 3197 mission
522 3146 604 3193 des
635 3146 888 3194 uffa-anchis
926 3146 1073 3194 latins
1108 3146 1242 3210 exige
1279 3144 1636 3194 l’intervention
1657 3146 1738 3193 des
1757 3146 2047 3209 magistrats.
2085 3145 2212 3194 Mais
2233 3160 2354 3195 nous
2374 3161 2554 3195 savona

280 3229 605 3293 aujourdhui,
631 3246 717 3294 par
752 3230 820 3278 les
857 3231 1118 3293 fragments
1154 3230 1211 3277 de
1252 3228 1475 3279 Dosithee
1513 3246 1604 3293 que
1643 3229 1688 3278 la
1724 3229 1788 3279 loi
1822 3229 1970 3279 Junia
2005 3228 2262 3289 Norbana,
2303 3231 2383 3295 qui
2421 3229 2554 3294 tegla

284 3318 405 3364 dans
448 3315 493 3363 le
528 3319 933 3364 commencement
970 3315 1033 3363 dn
1069 3314 1211 3378 regne
1250 3315 1307 3363 de
1342 3314 1538 3373 Ubere,
1578 3315 1624 3363 la
1672 3315 1916 3364 condition
1955 3316 2036 3363 des
2073 3314 2331 3364 affranchis
2371 3315 2550 3375 latins,

282 3402 471 3464 n’exige
496 3416 616 3465 pour
636 3401 681 3449 la
701 3399 1038 3449 manumission
1060 3416 1150 3464 que
1170 3401 1214 3449 la
1242 3399 1436 3450 volonte
1462 3400 1527 3449 du
1565 3398 1737 3450 maitre
1771 3416 1882 3449 sans
1920 3401 2130 3465 prescire
2167 3416 2350 3450 aucune
2373 3402 2549 3449 forma-

279 3483 430 3543 lite?
455 3490 503 3533 et
521 3488 750 3548 provocat
774 3488 940 3534 auctor
964 3484 1023 3533 sd
1050 3486 1312 3547 fragmenta
1332 3498 1572 3533 nostrum
1599 3487 1619 3545 §
1648 3483 1674 3535 7
1703 3485 1788 3548 (9.)
1813 3486 1940 3533 Haec
1965 3485 2260 3541 observatio,
2293 3484 2340 3533 ni
2379 3484 2544 3533 fallor·

284 3569 572 3635 gravissimo
598 3584 760 3617 errore
795 3568 995 3618 nititur,
1028 3585 1055 3617 a
1092 3584 1185 3633 quo
1223 3572 1389 3619 auctor
1424 3570 1472 3616 in
1510 3568 1618 3618 aliis
1660 3585 1844 3633 quoque
1879 3569 2293 3619 commentationis
2329 3569 2549 3633 partibus

282 3670 389 3703 sese
427 3654 629 3703 liberare
682 3670 776 3702 non
830 3655 1075 3719 potuerit=
1128 3655 1343 3717 disputat
1392 3654 1519 3703 enim
1573 3654 1630 3703 ds
1668 3655 2036 3703 manumissione
2076 3654 2192 3719 legis
2228 3655 2548 3719 Salpensanae

273 3740 477 3801 perinde
498 3754 561 3787 ao
594 3740 637 3787 si
671 3739 783 3787 civis
805 3738 1047 3787 Romanus
1068 3740 1205 3788 modo
1225 3741 1379 3789 minus
1412 3740 1608 3788 solemni
1641 3742 1975 3787 manumittere
2011 3754 2157 3803 neque
2193 3740 2412 3788 libertum
2435 3755 2551 3788 suae

282 3825 438 3888 ipsius
464 3824 751 3873 condicionis
752 3824 873 3887 fieri
890 3825 1108 3873 voluisset
1116 3846 1135 3882 ;
1155 3830 1257 3874 tum
1294 3825 1445 3881 enim,
1483 3826 1556 3873 nti
1581 3829 1710 3874 recte
1747 3838 2029 3873 nostruuus
2050 3824 2257 3883 monuit,
2287 3825 2548 3874 secuudum

280 3911 439 3973 legem
473 3910 672 3957 Juniam
708 3924 803 3957 non
840 3925 959 3975 opus
995 3913 1071 3958 est
1118 3913 1173 3959 ut
1208 3911 1516 3977 magistratus
1554 3910 1602 3959 in
1641 3910 2012 3959 manumissione
2051 3913 2210 3974 partes
2249 3926 2362 3959 suas
2400 3910 2547 3959 inter·

284 3998 451 4059 ponat.
523 3994 731 4042 Prorsus
768 3998 925 4043 tamen
965 3995 1123 4043 differt
1158 4010 1298 4043 causa
1335 3995 1451 4058 legis
1488 3996 1839 4059 Salpensanae5
1889 3995 1940 4043 in
1978 3996 2148 4059 Capite
2185 3995 2312 4043 enim
2350 3995 2414 4044 28
2451 3995 2547 4045 La-

279 4080 410 4129 tinus
443 4080 731 4127 manumittit
765 4094 820 4128 eo
856 4080 1048 4129 consilio
1086 4083 1140 4128 ut
1170 4081 1383 4129 ‘eiusdem
1418 4081 1705 4129 condicionis
1723 4082 1828 4145 fiat
1861 4082 2056 4129 libertus
2097 4097 2190 4144 qua
2232 4081 2330 4143 ipse
2345 4081 2517 4143 fuerit
2528 4101 2547 4137 ,-

280 4163 452 4229 procul
508 4163 653 4212 dubio
706 4164 877 4228 igitur,
918 4165 958 4213 si
994 4164 1360 4215 similitudinem
1409 4166 1532 4229 juris
1569 4166 1774 4214 Romani
1812 4166 1906 4214 huc
1945 4165 2134 4215 trahere
2171 4165 2338 4221 liceat,
2393 4166 2544 4215 mani-

279 4248 433 4299 mittit
468 4248 778 4299 sollemniter.
814 4251 985 4314 Itaque
1020 4266 1077 4299 ex
1114 4250 1279 4315 Capite
1317 4251 1380 4299 28
1418 4251 1540 4314 legis
1577 4250 1704 4315 Saip.
1745 4252 1868 4299 effici
1913 4250 2107 4314 nequit,
2144 4250 2264 4315 legis
2300 4255 2544 4300 auctorem

276 4336 527 4400 ignorasse
579 4334 731 4398 legem
782 4333 975 4385 Juniam
1002 4374 1015 4395 ‚
1048 4336 1174 4400 quod
1226 4335 1327 4385 eius
1363 4336 1594 4402 placitum
1631 4336 1878 4387 laudatum
1917 4351 2114 4401 prorsus
2151 4336 2371 4386 alienum
2407 4340 2482 4386 est
2515 4352 2544 4387 a

284 4436 433 4469 causa
468 4419 585 4483 legis
624 4419 964 4483 Salpensanae.

422 4504 546 4553 Cum
586 4504 929 4556 dissertationis
963 4510 1147 4573 partem
1184 4506 1483 4575 superiorem
1513 4508 1614 4573 jam
1651 4506 1982 4568 absolvissem,
2021 4508 2138 4557 mihi
2173 4507 2388 4558 innotuit
2412 4522 2542 4559 com·
