3027 5263
1311 574 1438 637 145

235 769 468 834 aerario
526 774 880 855 praeerant,
945 767 1256 833 referenda
1314 766 1631 834 curabant.
1717 769 1821 834 Illi
1884 770 2112 835 Romae
2159 769 2486 855 praepositi

233 905 409 962 erant
457 906 802 983 quaestores
852 896 1106 975 urbani,
1157 897 1263 981 qui
1316 897 1687 963 vocabantur
1735 899 1851 963 hoc
1900 898 2145 963 nomine
2194 899 2482 983 quoniam

235 1024 304 1087 in
353 1023 488 1109 ipsa
536 1024 685 1088 urbe
734 1022 1144 1087 remanebant.
1243 1023 1343 1087 Illi
1393 1023 1768 1109 stipendium
1818 1025 2281 1111 provincialium
2332 1026 2485 1089 acci·

237 1150 494 1235 piebant
535 1150 612 1235 ¹),
651 1149 808 1213 bona
836 1149 1260 1213 damnatorum
1285 1148 1529 1235 publice
1564 1150 1903 1217 vendebant
1932 1152 1983 1237 ²)
2002 1204 2021 1231 ‚
2050 1152 2246 1217 claves
2270 1152 2484 1217 aerarii

237 1278 532 1343 tenebant
580 1300 653 1341 ex
703 1299 893 1362 eoque
942 1277 1258 1361 pecuniam
1311 1277 1641 1364 erogabant
1674 1280 1751 1366 ³).
1845 1280 2101 1345 Senatus
2148 1287 2351 1365 partes
2392 1286 2481 1344 ta-

241 1428 386 1470 men
435 1406 500 1470 in
548 1404 804 1491 pecunia
853 1404 1098 1490 publica
1164 1404 1646 1471 administranda
1694 1428 1947 1493 magnae
1996 1413 2167 1471 erant
2200 1408 2270 1491 4).

427 1534 821 1620 Magistratus
869 1542 1106 1620 praeter
1135 1533 1368 1598 IIviros
1387 1583 1405 1614 ,
1441 1534 1669 1599 aediles
1710 1543 1773 1599 et
1804 1541 2187 1620 quaestores,
2222 1556 2481 1621 quorum

235 1662 515 1727 omnium
554 1660 953 1725 ministerium
993 1660 1337 1746 exploravi,
1396 1684 1593 1747 neque
1626 1660 1951 1747 Salpensae
1982 1685 2181 1748 neque
2214 1662 2485 1729 Malacae

238 1800 676 1869 memorantur3
726 1812 930 1855 eorum
978 1797 1336 1876 potestatem
1371 1792 1667 1876 cuiusque
1692 1793 1753 1855 in
1784 1814 1895 1857 suo
1920 1814 2169 1857 munere
2196 1815 2476 1879 magnam

235 1918 430 1983 fuisse
494 1920 797 2004 apparuit,
867 1924 924 1982 et
973 1940 1096 1982 non
1146 1918 1263 1982 nisi
1309 1918 1370 1982 in
1421 1918 1605 1983 rebus
1650 1919 1966 2005 perpaucis
2014 1919 2135 1983 alia
2185 1925 2483 2005 potestate

237 2047 792 2132 circumscriptam3
855 2051 1120 2110 attamen
1179 2046 1306 2132 ipsa
1363 2048 1515 2112 ratio
1566 2048 1835 2113 muneris
1868 2070 2115 2134 magnas
2162 2047 2487 2133 praebebat

238 2176 556 2241 cautiones
627 2197 704 2238 ne
785 2173 1176 2239 abuterentur
1241 2174 1631 2261 magistratus
1679 2198 1785 2240 sua
1825 2182 2143 2263 potestate.
2246 2176 2338 2240 De
2387 2173 2485 2239 his

237 2327 486 2393 quoque
533 2326 725 2389 pauca
774 2304 1085 2368 addamus.

429 2431 556 2495 Lex
635 2431 1003 2517 Salpensana
1069 2438 1130 2496 et
1195 2431 1563 2496 Malacitana
1628 2430 1939 2497 cautiones
1986 2430 2123 2495 illas
2171 2430 2477 2508 indicant3

237 2561 443 2627 omnis
508 2560 669 2625 enim
733 2560 1118 2646 magistratus
1168 2566 1296 2624 erat
1343 2582 1583 2624 annuus
1633 2566 1693 2624 et
1752 2559 2011 2646 duplex,
2064 2559 2220 2623 illud
2271 2557 2485 2646 procul

238 2691 432 2756 dubio
479 2713 557 2754 ne
605 2711 799 2766 mora,
853 2689 968 2752 hoc
1017 2711 1155 2753 vero
1205 2711 1278 2753 ne
1326 2688 1657 2754 solitudine
1705 2695 2203 2774 corrumperetur.

429 2818 596 2882 Illud
639 2817 760 2902 jam
813 2817 1109 2902 attingere
1159 2839 1255 2881 me
1305 2817 1590 2894 memini;
1643 2816 1759 2881 hoc
1808 2816 1939 2882 loco
1972 2815 2163 2902 igitur
2196 2815 2270 2880 de
2302 2815 2489 2880 inter-

232 2948 512 3014 cessione
562 2945 742 3012 verba
789 2945 1028 3010 faciam.

1259 3183 1461 3192 —-——-

966 3328 1004 3402 ξ
1047 3325 1103 3390 5.
1173 3327 1260 3386 De
1297 3324 1752 3388 Inter-cessione.

431 3589 674 3655 Divisae
721 3587 880 3654 inter
931 3587 1135 3674 plures
1186 3587 1575 3674 magistratus
1627 3584 1941 3672 potestatis
1980 3583 2161 3661 ratic,
2222 3603 2376 3667 quae
2411 3601 2482 3644 ex

231 3721 436 3806 capite
499 3717 738 3805 imperii
787 3718 852 3783 iu
906 3716 1237 3802 municipia
1286 3713 1579 3780 translata
1642 3718 1801 3790 erat,
1856 3733 1929 3777 eo
1979 3709 2136 3775 tanti
2186 3714 2311 3792 erat
2360 3728 2485 3773 mo·

383 3993 420 4055 1)
493 3991 614 4041 Vide
645 4002 853 4048 uvion,
890 3987 994 4038 Lib.
1033 3988 1115 4038 42.
1153 3987 1270 4052 Cap.
1308 3987 1356 4036 6.

379 4079 420 4141 ²)
493 4076 609 4126 Vide
642 4089 848 4132 mvmu,
889 4075 991 4124 Lib.
1028 4077 1077 4124 4.
1113 4074 1233 4138 Cap.
1271 4075 1365 4129 15;
1407 4071 1510 4120 Lib.
1550 4069 1788 4134 238anst
1826 4067 1904 4116 ⁶0.

379 4164 418 4223 ³)
494 4162 610 4212 Vide
646 4173 854 4220 Livium,
891 4159 993 4209 Lib.
1032 4159 1111 4208 38.
1151 4160 1267 4222 Cap.
1309 4158 1387 4206 55.
1427 4156 1747 4220 Quaestorum
1786 4150 1956 4201 aerarii
1980 4149 2293 4199 ministerium
2322 4147 2485 4212 paucis

229 4253 308 4302 ita
343 4247 680 4313 complectitur
713 4257 1187 4294 renunc-asconius
1224 4243 1281 4292 ad
1321 4255 1487 4290 cicun.
1522 4242 1571 4288 in
1616 4239 1837 4295 Verrem,
1879 4253 1923 4300 p.
1964 4236 2091 4284 1582
2166 4232 2490 4297 „Quaestor-es

229 4333 411 4386 urbani
447 4332 682 4382 aerarium
719 4331 952 4379 curabant
987 4330 1182 4392 eiusque
1219 4329 1442 4393 pecunias
1480 4339 1711 4390 expensas
1744 4327 1795 4373 et
1830 4325 2051 4384 acceptas
2086 4318 2133 4367 in
2174 4316 2361 4366 tabulas
2400 4332 2491 4380 pu·

227 4422 389 4472 blieas
427 4419 604 4467 referre
639 4414 1039 4465 consueverant.”

376 4504 420 4570 4)
490 4503 564 4556 Cf.
605 4513 928 4560 macutus,
969 4501 1016 4549 in
1058 4499 1243 4566 Opere:
1281 4499 1419 4549 Euat·
1452 4512 1537 4547 eur
1571 4497 1638 4546 lec
1672 4496 1761 4546 lois
1799 4495 1941 4544 Orim.
1978 4507 2027 4558 p.
2062 4490 2285 4539 45-48,

2124 4587 2207 4652 10
