3027 5263
1561 559 1694 621 208

698 753 861 838 Erga
918 751 1208 836 pristinos
1254 750 1532 815 dominos
1579 749 1854 814 condicio
1903 749 2260 816 libertorum
2309 750 2642 817 latinorum
2694 753 2764 817 in

508 879 841 965 municipio
872 879 1245 965 Salpensano
1292 877 1507 943 similis
1551 883 1646 942 est
1677 877 1733 942 ei
1767 901 1888 963 qua
1936 900 2181 964 quoque
2214 878 2279 944 in
2307 880 2448 964 jure
2477 879 2765 944 Romano

508 1007 573 1072 hi
624 1006 970 1072 utebantur.

691 1133 861 1199 Inter
930 1133 1209 1199 dominos
1274 1133 1437 1198 enim
1488 1138 1551 1196 et
1599 1154 1804 1198 servos
1853 1139 1990 1218 post
2039 1133 2580 1198 manumissionem
2633 1135 2768 1198 vin-

506 1261 710 1326 culum
760 1269 1117 1346 patronatus
1166 1259 1537 1325 intercedere
1602 1258 1838 1345 coepit,
1887 1282 2009 1344 quo
2060 1260 2284 1325 Latino
2333 1284 2580 1346 quoque
2623 1262 2770 1346 jure

506 1389 782 1453 dominos
834 1387 1327 1452 manumittentes
1376 1409 1518 1451 usos
1573 1386 1756 1451 fuisse
1831 1386 1964 1472 lege
2019 1387 2389 1473 Salpensana
2447 1388 2765 1453 docemur.

504 1517 581 1581 In
634 1516 849 1602 Capite
912 1514 1073 1580 enim
1128 1519 1213 1580 23
1279 1515 1429 1600 legis
1479 1515 1567 1578 ita
1633 1521 1882 1579 cautum
1947 1524 2070 1579 est:
2133 1516 2309 1597 „Qui
2362 1539 2596 1602 quaeve
2650 1518 2768 1583 hac

504 1642 637 1728 lege
698 1665 845 1707 exve
914 1642 1111 1707 edicto
1178 1642 1554 1727 imperatoris
1606 1641 1873 1706 Caesaris
1919 1663 2280 1708 vaspasnm
2331 1645 2602 1730 Augusti
2650 1647 2765 1709 im-

502 1772 868 1857 peratorisve
930 1791 1055 1834 τΙΤῑ
1120 1769 1393 1834 Caesaris
1461 1788 1818 1833 vEsPASIANI
1879 1771 2148 1855 Augusti
2215 1781 2324 1835 aut
2371 1773 2766 1856 imperatoris

503 1897 777 1962 Caesaris
846 1915 1183 1960 numnam
1256 1896 1526 1981 Augusti
1609 1896 1912 1960 civitatem
1983 1905 2347 1962 consecutus
2423 1911 2760 1962 consecuta

502 2027 615 2093 erit
655 2028 731 2111 ¹),
782 2027 833 2090 is
887 2027 949 2090 in
997 2023 1249 2091 libertos
1297 2025 1622 2089 libertasve
1656 2025 1705 2110 ²)
1759 2047 1900 2090 suos
1949 2048 2085 2090 suas
2140 2036 2424 2111 paternos
2470 2036 2762 2112 paternas

646 2271 681 2336 ¹)
752 2270 1115 2320 Animadvertas
1152 2270 1361 2319 futurum
1402 2269 1558 2327 „erit”
1593 2269 1685 2318 hoc
1723 2270 1829 2319 loco
1868 2270 2108 2336 usurpari,
2149 2285 2300 2334 neque
2324 2269 2558 2335 scriptum
2579 2287 2682 2320 esse
2708 2272 2762 2322 in

500 2360 603 2420 lege
641 2361 744 2417 „est
782 2355 934 2414 erit”;
972 2356 1079 2404 inde
1117 2356 1239 2404 enim
1278 2361 1473 2420 apparet
1508 2356 1567 2403 iis
1604 2356 1685 2418 qui
1714 2360 1820 2417 post
1856 2355 1979 2404 hanc
2022 2355 2171 2418 legem
2211 2373 2264 2403 ex
2304 2356 2472 2404 edictis
2513 2357 2760 2407 civitatem

500 2443 798 2492 consecuturi
820 2446 997 2500 essent,
1018 2442 1279 2490 seeundum
1302 2441 1461 2504 Caput
1482 2443 1545 2490 22
1560 2441 1668 2504 jura
1689 2441 1939 2505 potestatis
1960 2458 2126 2490 manus
2149 2446 2196 2490 et
2217 2443 2466 2505 mancipii,
2492 2443 2760 2492 secundum

500 2530 655 2594 Caput
705 2529 765 2576 23
797 2529 904 2592 jura
935 2531 1213 2590 patronatus
1238 2526 1366 2574 saiva
1403 2527 1566 2574 futura
1612 2527 1780 2583 fuisse3
1823 2543 1916 2574 non
1960 2527 2072 2574 item
2110 2527 2168 2575 iis
2205 2527 2286 2590 qui
2318 2528 2420 2591 jam
2455 2532 2570 2576 ante
2606 2529 2760 2590 legem

500 2630 556 2663 ex
593 2613 687 2662 illis
723 2629 823 2662 earn
862 2611 1099 2661 consecuti
1138 2615 1308 2662 essent.
1347 2611 1469 2660 Num
1507 2611 1608 2669 his,
1649 2611 1718 2660 uti
1757 2611 1908 2661 voluit
1935 2625 2166 2661 annonas
2193 2613 2240 2661 in
2272 2611 2404 2676 Disp.
2435 2614 2555 2663 orit.
2587 2630 2633 2678 p.
2663 2615 2757 2673 23,

498 2699 630 2749 saiva
662 2700 760 2762 jam
798 2698 973 2746 fuerint
1009 2696 1090 2745 iila
1134 2697 1240 2760 jura
1278 2712 1335 2744 ex
1382 2695 1498 2760 ipsis
1535 2696 1705 2745 edictis
1752 2697 1892 2761 plane
1935 2698 2152 2759 ignotum
2187 2702 2278 2747 est.

634 2783 834 2840 Zuuer,
859 2787 910 2831 ut
932 2782 1021 2831 hoc
1042 2781 1240 2839 addam,
1264 2782 1476 2829 futurum
1499 2782 1618 2829 iliud
1643 2781 1797 2837 „erit”
1824 2786 2156 2845 argumentum
2182 2797 2282 2830 esse
2304 2782 2456 2830 voluit
2479 2786 2650 2831 contra
2676 2800 2761 2831 eos

501 2871 579 2933 qui
620 2869 852 2917 Malacam
891 2866 1258 2930 Salpensamque
1276 2866 1569 2929 Latinijuris
1591 2866 1732 2915 fuisse
1759 2867 2121 2916 contenderunt.
2162 2866 2214 2915 In
2239 2866 2425 2930 Opercz
2461 2869 2599 2916 Stud.
2623 2868 2758 2916 Rom.

494 2971 541 3019 p.
580 2954 677 3002 309
693 2990 708 3011 ,
746 2952 812 3001 ita
832 2953 1071 3015 disputat:
1109 2952 1323 3010 „Rursus
1344 2956 1499 2999 autem
1523 2952 1552 2999 ii
1575 2952 1652 3015 qui
1675 2968 1779 2999 cum
1801 2950 2076 3015 Salpensam
2102 2952 2428 3016 Malacamque
2448 2953 2558 3016 jure
2581 2954 2756 3003 Latino

495 3040 639 3088 fuisse
677 3042 928 3095 censeant,
969 3037 1058 3086 hoc
1089 3037 1167 3100 jus
1204 3037 1263 3085 ab
1302 3050 1614 3085 vaspasxauo
1659 3035 1983 3101 impertitum,
2023 3038 2080 3085 ab
2101 3050 2394 3085 noim-iano
2413 3044 2574 3085 autem
2595 3040 2759 3087 nescio

496 3124 607 3188 quid
644 3122 881 3185 adiectum
918 3137 1019 3170 esse
1055 3121 1361 3179 existimant,
1401 3121 1558 3169 verbis
1594 3121 1710 3184 legis
1747 3122 2048 3170 refelluntur.
2099 3122 2219 3171 Nam
2257 3123 2294 3169 si
2332 3122 2616 3186 Salpensani
2644 3129 2758 3172 ante

494 3225 671 3257 annum
710 3207 771 3258 77
812 3224 856 3271 p.
894 3208 1008 3258 (ἰὴν.
1044 3208 1103 3255 ab
1142 3220 1456 3255 vuseastano
1502 3205 1809 3254 Latinitatem
1846 3208 2138 3271 accepissent
2174 3211 2220 3256 et
2255 3208 2420 3255 statim
2459 3208 2603 3256 multi
2625 3208 2753 3257 cives

496 3293 698 3342 Romani
736 3293 845 3341 facti
883 3298 1037 3340 essent
1076 3296 1123 3340 et
1158 3308 1224 3340 cei
1239 3297 1283 3340 te
1320 3292 1598 3355 quotannis,
1652 3292 1731 3354 qai
1773 3291 1978 3339 honores
2027 3291 2336 3355 municipales
2372 3298 2648 3356 gesserant,
2690 3294 2756 3341 ci-

498 3379 691 3427 vitatem
728 3378 1153 3441 consequebantur.
1228 3376 1435 3425 Mutatio
1472 3376 1623 3439 igitur
1660 3376 1866 3425 civitatis
1904 3376 2140 3425 acciderat
2177 3377 2221 3423 in
2251 3376 2586 3441 Salpensanis‚
2629 3380 2755 3427 acci·

496 3466 629 3514 derat
666 3464 835 3529 capitis
871 3462 1157 3520 deminutio,
1198 3462 1379 3526 patriae
1418 3462 1670 3525 potestatis
1707 3463 1918 3525 iurisque
1955 3462 2235 3510 libertorum
2273 3462 2486 3513 amissio.
2531 3465 2639 3512 Jam
2663 3465 2757 3527 igi-

496 3557 578 3599 tur
614 3565 719 3598 cum
758 3548 887 3598 rubr.
928 3549 989 3595 22
1040 3553 1085 3594 et
1131 3548 1191 3597 23
1242 3547 1560 3611 praecipiatur
1608 3554 1658 3595 ut
1705 3546 1899 3595 civitate
1945 3548 2160 3596 Romana
2207 3548 2548 3611 consequenda
2598 3550 2755 3611 patria

498 3640 708 3702 potestas
748 3652 803 3683 ne
841 3634 1078 3691 solvatur,
1124 3634 1201 3697 jus
1239 3633 1522 3681 libertorum
1561 3649 1616 3681 nc
1658 3634 1932 3688 amittatur,
1985 3632 2022 3681 si
2061 3648 2114 3680 ea
2149 3633 2246 3696 jam
2285 3637 2397 3680 ante
2433 3634 2751 3691 accidissent,

498 3738 657 3771 nonne
692 3720 759 3769 sic
795 3718 937 3769 scribi
974 3719 1213 3783 oportuit,
1250 3724 1305 3767 ut
1338 3718 1371 3766 ii
1410 3719 1489 3782 qui
1527 3724 1636 3766 ante
1677 3731 1944 3766 nom-rust
1972 3719 2179 3767 edictum
2209 3718 2452 3767 civitatem
2487 3719 2747 3768 Romanam

499 3810 779 3871 acceperant
819 3804 1331 3870 comprehenderentur
1368 3819 1518 3867 neque
1555 3820 1740 3852 summa
1775 3804 1822 3851 in
1861 3803 2100 3851 simillima
2138 3818 2278 3852 causa
2317 3803 2633 3867 inaequalitas
2669 3805 2748 3853 ad-

500 3889 835 3941 mittereturi'”
872 3888 1101 3951 Negando
1139 3888 1518 3953 respondendnm
1569 3888 1755 3936 videtur
1791 3888 1901 3951 quia
1949 3889 2092 3949 vuigo
2131 3888 2256 3950 leges
2301 3904 2394 3935 non
2435 3888 2618 3936 habent
2657 3890 2748 3939 vim

498 3980 546 4028 in
584 3976 921 4043 praeteritum3
961 3975 1068 4023 inde
1105 3975 1250 4039 igitur
1287 3990 1379 4022 non
1418 3980 1620 4038 apparet
1657 3990 1683 4023 a
1711 3988 2020 4022 vasusmao
2047 3973 2367 4039 Salpensanos
2396 3989 2489 4021 non
2514 3976 2750 4039 accepisse

496 4064 573 4129 jus
597 4062 741 4112 Latii.
816 4061 871 4109 Iu
899 4061 1096 4110 eandem
1124 4066 1278 4108 tamen
1307 4060 1640 4109 difficultatem
1665 4075 1804 4123 qnam
1831 4058 2046 4107 invenire
2072 4059 2159 4107 sibi
2188 4060 2316 4107 visus
2341 4065 2438 4117 est,
2464 4075 2630 4107 revera
2653 4060 2754 4125 ipse

499 4162 666 4200 zunrr
701 4147 871 4197 incidit
898 4147 1188 4195 contendens
1215 4149 1278 4210 (p.
1318 4146 1432 4195 321.
1465 4148 1551 4207 Op.
1577 4147 1627 4202 l.)
1666 4145 1821 4193 edicto
1847 4157 2119 4193 nonnum
2157 4144 2477 4207 Salpensanos
2505 4146 2750 4194 civitatem

502 4237 767 4285 Romanam
804 4233 1001 4296 adeptos
1038 4247 1137 4279 esse
1168 4230 1265 4295 jam
1303 4238 1412 4279 ante
1450 4231 1601 4293 legem
1641 4236 1885 4288 nostramg
1921 4231 2096 4278 etenim
2135 4246 2286 4294 neque
2329 4230 2389 4277 ad
2417 4246 2499 4277 eos
2535 4235 2756 4293 spectant

500 4319 679 4388 placita
715 4332 835 4382 qnae
872 4316 1001 4381 Cap.·
1025 4316 1087 4365 22
1125 4319 1172 4364 et
1211 4316 1271 4363 23
1317 4315 1435 4377 legis
1472 4316 1602 4379 Salp.
1639 4316 1963 4364 continentur.

643 4404 681 4461 2)
755 4403 901 4450 Recte
938 4401 1027 4449 hoc
1063 4401 1170 4449 loco
1208 4400 1288 4450 ubi
1314 4400 1503 4465 dejure
1541 4400 1732 4466 patroni
1769 4415 1880 4464 erga
1917 4399 2256 4449 manumissum
2293 4398 2474 4463 agitur,
2495 4400 2754 4449 manumis-

503 4491 541 4544 si
596 4490 821 4541 dicuntur
880 4486 1066 4548 liberti,
1121 4501 1291 4553 quum,
1350 4486 1399 4537 in
1454 4486 1560 4536 aiiis
1597 4485 1716 4551 legis
1770 4484 1984 4554 partibus
2031 4499 2076 4535 v.
2113 4500 2159 4554 g.
2207 4484 2255 4533 iu
2293 4483 2410 4555 Cap.
2450 4484 2514 4534 28
2549 4486 2758 4538 libertini
