3027 5263
662 2007 766 2063 DE
809 2006 1246 2064 MUNICIPIIS
1290 2009 1378 2064 IN
1417 2008 1611 2066 JURE
1656 2008 1983 2066 ROMANO
2016 2007 2079 2081 ¹).

1279 2240 1478 2252 ψ-

441 2495 786 2581 Unicuique
835 2496 998 2582 leges
1045 2502 1284 2562 nostras
1331 2497 1679 2582 inspicienti
1728 2498 1973 2584 singula
2005 2497 2203 2584 capita
2234 2498 2504 2564 indicare

255 2629 512 2711 possunt
575 2622 753 2689 urbes
815 2623 1116 2689 Malacam
1165 2630 1224 2689 et
1294 2625 1647 2711 Salpensam
1694 2626 1876 2691 fuisse
1924 2627 2258 2714 municipia
2302 2650 2501 2713 neque

251 2752 453 2816 minus
486 2752 599 2816 hoc
621 2758 918 2817 testantur
951 2753 1378 2817 historicorum
1408 2754 1793 2832 testimonia,
1831 2754 1928 2819 uti
1959 2777 2067 2819 suo
2099 2755 2272 2833 1000,
2308 2778 2499 2841 quum

251 2880 326 2945 de
376 2880 643 2965 ipsarum
695 2879 936 2944 urbium
979 2881 1118 2965 jure
1169 2902 1414 2965 agemus
1435 2930 1453 2959 ‚
1504 2882 1821 2946 ostendere
1871 2882 2245 2949 conabimur.

441 3007 536 3070 De
591 3008 728 3091 jure
775 3012 974 3070 autem
1029 3007 1243 3070 harum
1308 3007 1555 3072 urbium
1604 3030 1685 3072 sc.
1733 3015 1937 3071 utrum
1996 3010 2119 3073 sint
2166 3011 2500 3095 municipia

244 3134 471 3197 Latina
543 3156 620 3197 an
694 3134 920 3197 civium
969 3134 1383 3199 Romanorum
1431 3135 1591 3199 inter
1637 3154 1946 3200 MOMMan
2004 3142 2064 3199 et
2124 3157 2325 3202 zum‘tr
2372 3144 2499 3201 tam

245 3261 448 3347 gravis
509 3268 639 3325 orta
690 3267 780 3323 est
837 3263 1279 3340 controversia,
1329 3269 1399 3326 ut
1462 3263 1635 3327 illum
1694 3264 1823 3348 jam
1872 3264 2252 3329 contenderit
2298 3286 2498 3329 anP‘r

245 3394 470 3453 cuncta
533 3388 636 3451 illa
698 3394 998 3467 evertere,
1075 3412 1229 3475 quae
1279 3413 1486 3455 omnes
1539 3413 1775 3477 semper
1822 3398 2099 3457 constare
2150 3391 2499 3457 censuerint

245 3516 322 3578 de
366 3516 502 3599 jure
549 3515 1022 3601 municipiorum
1069 3517 1134 3580 in
1186 3518 1555 3602 antiquitate
1603 3518 1893 3583 Romana.
2094 3491 2102 3494 -

439 3640 614 3721 Quae
648 3664 784 3705 cum
817 3643 902 3707 ita
949 3645 1100 3721 sint,
1136 3644 1285 3707 mihi
1319 3650 1793 3709 consentaneum
1827 3645 2067 3709 videtur
2102 3652 2170 3708 ut
2195 3646 2258 3707 in
2288 3668 2495 3729 quaes·

243 3772 477 3835 tionem
527 3770 861 3853 inquiram,
913 3772 1066 3856 quid
1117 3771 1520 3856 municipium
1553 3772 1619 3834 in
1652 3772 1801 3836 Jure
1848 3772 2125 3835 Romano
2172 3771 2391 3851 fuerit,
2427 3779 2497 3837 ut

244 3896 492 3961 facilius
543 3896 790 3961 alteram
841 3898 1009 3961 illam
1059 3898 1472 3982 quaestionem
1524 3888 1597 3961 de
1640 3900 1778 3983 jure
1826 3900 2094 3985 ipsorum
2139 3900 2497 3986 municipio-

245 4046 386 4089 rum
437 4024 710 4091 Malacae
764 4032 822 4090 et
874 4026 1200 4112 Salpensae
1252 4026 1483 4091 solvere
1535 4028 1851 4112 possimus.

392 4218 428 4280 ¹)
497 4219 630 4267 Haec
667 4235 778 4283 pars
815 4236 922 4269 cum
955 4220 1055 4283 jam
1091 4220 1216 4286 typis
1253 4223 1376 4270 esset
1409 4224 1602 4285 parata,
1639 4222 1820 4286 prodiit
1853 4221 2135 4287 opusculum
2171 4221 2498 4287 conscriptum

245 4321 272 4353 a
311 4303 416 4351 viro
453 4318 584 4353 cons,
620 4304 706 4352 Dr.
739 4318 787 4354 v,
824 4319 966 4365 mna,
1011 4304 1088 4356 cui
1123 4306 1315 4355 titulus:
1379 4306 1775 4369 Besohouwe'nqen
1810 4322 1917 4355 over
1939 4308 2029 4356 den
2062 4306 2285 4355 toestand
2302 4308 2388 4355 der
2422 4306 2496 4355 be·

243 4388 431 4451 volkz‘nq
483 4404 541 4437 en
575 4388 799 4453 inriqtiny
833 4392 919 4438 der
950 4390 1264 4453 municipib‘n,
1303 4390 1553 4455 Nijmegen
1588 4392 1734 4441 1866.
1773 4391 2199 4441 Commentationis
2224 4406 2335 4455 pars
2360 4390 2495 4455 prior

245 4488 396 4537 usque
448 4472 508 4521 ad
544 4488 654 4538 pag.
691 4474 756 4522 32
792 4474 886 4524 huc
923 4475 1154 4539 pertinet;
1201 4476 1250 4523 in
1296 4476 1535 4540 plerisque
1576 4476 1773 4525 eandem
1822 4476 2097 4541 opinionem
2133 4476 2191 4524 de
2224 4474 2497 4525 conditione

245 4556 621 4623 municipiorum
653 4560 818 4609 tuetur
842 4562 1014 4609 auctor
1025 4580 1038 4619 ;
1075 4560 1125 4609 in
1160 4560 1406 4611 nonnullis
1442 4577 1629 4625 quoque
1654 4562 1829 4611 differt.
1852 4561 1947 4611 vid.
1974 4561 2096 4612 Diss,
2137 4577 2186 4625 p.
2211 4562 2291 4611 24.
2317 4562 2419 4609 not.
2447 4559 2493 4609 1.
