3027 5263
1337 551 1420 610 91

439 741 658 828 Neque
721 742 787 807 in
835 741 1180 827 opinionem
1230 741 1596 807 contrariam
1643 740 1943 807 adductus
1988 763 2125 807 sum
2176 738 2498 827 disputati·

249 892 366 935 one
429 870 544 934 viri
594 870 669 934 el.
721 890 1059 935 nnnxntme
1090 872 1156 954 ¹).
1208 870 1347 935 Ait:
1421 869 1777 948 „Vielmehr
1825 869 2056 956 spi-ioht
2102 865 2497 934 entsohieden

251 1020 448 1085 gegen
498 998 592 1062 ihr
641 1000 742 1083 (se.
775 997 923 1061 certi
951 996 1208 1081 ordinis)
1241 997 1543 1061 Bestehen
1564 1046 1582 1075 ,
1611 996 1751 1061 dasz
1785 997 1891 1061 das
1924 997 2142 1061 Gesetz
2174 994 2350 1059 nieht
2381 1015 2497 1057 nur

245 1123 354 1189 fiir
401 1124 498 1188 die
546 1118 868 1204 Quaestur‘
907 1124 1033 1189 und
1083 1122 1380 1188 Aedilit'at
1429 1124 1545 1188 den
1596 1124 1835 1188 Antritt
1884 1122 1987 1188 des
2024 1126 2107 1187 25
2136 1122 2351 1186 Jahres
2382 1121 2497 1185 for·

245 1250 384 1315 dert
445 1250 704 1314 sondern
770 1249 1041 1314 dasselbe
1104 1251 1280 1315 Alter
1331 1251 1762 1315 ausdriicklieh
1826 1251 1913 1314 als
1976 1248 2351 1333 Bedingung
2396 1246 2497 1311 fiir

246 1376 351 1441 die
399 1376 780 1461 Bekleidung
830 1378 935 1441 des
988 1377 1320 1440 Duovirats
1378 1376 1711 1462 verlangt.”
1806 1376 1993 1458 Quod
2026 1375 2225 1441 voluit
2258 1383 2496 1452 auctor,

239 1526 371 1568 non
426 1504 568 1569 inde
616 1503 952 1567 necessario
999 1502 1303 1587 sequitur,
1354 1526 1492 1567 nam
1543 1504 1594 1566 si
1643 1504 1708 1568 in
1755 1503 1886 1589 lege
1932 1508 2267 1580 statuatur,
2314 1501 2497 1568 modo

241 1632 538 1715 majorem
593 1633 675 1693 25
754 1630 929 1693 annis
990 1630 1328 1694 IIviratum
1376 1638 1579 1715 petere
1626 1654 1805 1717 posse
1854 1631 1995 1695 inde
2043 1652 2170 1696 non
2219 1629 2499 1714 sequitur

239 1758 406 1823 nihil
455 1757 620 1821 aliud
669 1757 736 1821 in
781 1778 1033 1841 persona
1083 1757 1347 1841 petentis
1397 1758 1641 1841 requiri.

442 1883 627 1962 Quod
691 1906 826 1947 eum
877 1883 964 1946 ita
1026 1882 1134 1962 sit,
1203 1881 1517 1967 probabile
1565 1888 1654 1947 est
1720 1890 1948 1949 eertum
1997 1883 2271 1949 ordinem
2318 1881 2497 1947 illum

247 2010 513 2095 viguisse
577 2010 836 2094 ideoque
916 2016 1302 2096 praeceptum
1368 2009 1525 2075 illud
1597 2012 1747 2097 legis
1818 2034 1896 2077 ne
1961 2013 2098 2097 quis
2166 2011 2492 2097 eligeretur

244 2138 460 2202 aedilis
499 2137 589 2202 vel
623 2143 908 2222 quaestor
940 2137 1095 2220 „qui
1143 2137 1208 2201 in
1245 2160 1450 2202 earum
1485 2161 1605 2223 qua
1638 2161 1815 2203 eausa
1848 2140 1997 2219 erit,
2036 2145 2280 2224 propter
2312 2160 2495 2224 quam

243 2264 303 2329 si
352 2263 506 2328 civis
552 2264 864 2327 Romanus
915 2269 1069 2328 esset
1119 2265 1183 2328 in
1215 2287 1467 2329 numero
1502 2264 1898 2329 decurionum
1941 2265 2495 2351 conscriptorumve

244 2414 388 2457 eum
437 2414 564 2455 esse
611 2414 734 2457 non
786 2390 993 2455 liceret
1007 2390 1063 2471 ,”
1111 2390 1190 2455 ad
1238 2391 1593 2456 candidatos
1641 2414 1888 2477 quoque
1936 2392 2239 2457 IIviratus
2287 2398 2493 2457 exten—

243 2519 390 2585 dere
435 2518 596 2584 licet.

435 2647 513 2712 In
562 2647 839 2712 confesso
902 2653 994 2712 est
1041 2647 1156 2714 hoo
1205 2646 1423 2733 Capite
1473 2648 1547 2713 de
1596 2647 1937 2713 candidatis
1990 2647 2233 2713 Latinis
2280 2669 2503 2713 sermo-

241 2797 389 2841 nem
437 2795 597 2852 esse3
670 2774 1056 2858 caeteroquin
1104 2773 1320 2839 verba:
1396 2775 1499 2853 „si
1548 2776 1695 2840 civis
1742 2776 2055 2839 Romanus
2099 2774 2292 2840 esset”
2338 2773 2503 2839 nihil

241 2901 584 2988 quidquam
647 2901 1074 2986 significarent.
1171 2900 1525 2985 Respicitur
1588 2901 1704 2965 hoe
1767 2901 1902 2966 loeo
1968 2902 2043 2966 ad
2112 2907 2295 2988 eaput
2342 2902 2493 2988 legis

236 3028 284 3094 J
289 3028 445 3094 uliae
494 3028 882 3113 municipalis
929 3051 1113 3114 supra
1146 3027 1195 3113 ²)
1246 3027 1610 3113 allegatum,
1664 3027 1771 3092 ubi
1820 3029 1929 3114 qui
1963 3033 2280 3113 quaestum
2306 3028 2500 3092 sordi·

240 3156 390 3221 dum
437 3155 663 3220 habent
711 3155 807 3220 vel
857 3155 1044 3220 vitam
1091 3161 1334 3241 turpem
1382 3156 1616 3241 degunt
1664 3177 1700 3219 a
1732 3155 2133 3220 decurionatu
2170 3161 2455 3221 arcentur
2475 3182 2496 3234 ς
2556 3170 2563 3176 ’

237 3283 428 3349 iidem
478 3305 720 3372 quoque
772 3306 808 3347 a
855 3283 1215 3369 magistratu
1263 3284 1529 3369 gerendo
1585 3291 1863 3348 arcentur
1912 3284 2022 3348 illa
2070 3283 2201 3371 lege
2238 3285 2306 3370 ³).

429 3410 486 3475 A
535 3409 874 3475 candidatis
921 3410 1222 3475 IIviratus
1271 3416 1333 3474 et
1366 3418 1725 3495 quaesturae
1770 3412 1998 3498 quippe
2031 3414 2137 3498 qui
2171 3411 2493 3498 pecuniam

198 3513 557 3625 'publicam
612 3544 877 3602 tractent
924 3538 1051 3602 sive
1100 3538 1467 3623 erogandam
1519 3538 1881 3618 decernant,
1931 3548 2003 3602 ut
2052 3562 2260 3603 eorum
2311 3538 2497 3603 comi·

234 3665 347 3729 tiis
393 3665 547 3729 ratio
595 3664 804 3730 haberi
852 3665 1084 3750 possit,
1138 3667 1338 3730 cautio
1387 3635 1675 3752 exigitur.
1775 3667 2033 3752 Legitur
2082 3666 2346 3731 enimin
2384 3665 2495 3730 Ca-

232 3793 365 3880 pite
433 3796 516 3856 60
584 3792 738 3879 legis
802 3793 1243 3858 Malaoitanae:
1310 3794 1486 3875 „Qui
1535 3795 1598 3859 in
1650 3817 1719 3859 eo
1770 3794 2108 3880 municipio
2159 3793 2494 3858 IIviratum

234 3925 698 4006 quaesturamve
745 3927 990 4006 petent,
1045 3922 1301 4008 quisque
1334 3945 1573 3999 eornm,
1606 3945 1730 4008 quo
1764 3922 1865 3986 die
1899 3922 2143 3987 comitia
2176 3921 2490 3987 habebun-

236 4055 372 4125 tur,
425 4055 748 4132 antequam
796 4048 1147 4134 sufi'ragium
1196 4049 1451 4127 feratur,
1510 4047 1803 4114 arbitratu
1846 4050 1979 4114 eius
2013 4051 2213 4134 quiea
2246 4049 2492 4114 comitia

385 4385 419 4447 ¹)
489 4385 548 4434 ln
590 4388 896 4438 Commentat.
930 4403 1076 4450 supra
1111 4389 1244 4440 laud.
1280 4405 1328 4455 p.
1367 4388 1448 4442 78.
1650 4389 1689 4451 2)
1761 4390 1888 4439 Dira.
1927 4407 1978 4454 p.
2012 4389 2092 4439 65.
2130 4392 2233 4442 not.
2270 4391 2318 4440 5.

382 4469 422 4530 ³)
492 4469 612 4520 Vide
648 4471 802 4537 Caput
845 4473 907 4522 10
943 4472 1102 4522 initio.
