3027 5263
2848 128 2967 221 {g}

1576 663 1674 707 ΧΠ
2904 670 2909 677 ·

1411 839 1655 933 PARS
1708 841 1837 937 lv.
2785 917 2824 968 .-

581 1039 685 1095 DE
729 1035 916 1093 IURE
961 1033 1300 1092 vaATo
1345 1033 1809 1092 LATINORUM
1854 1035 2515 1098 SALPENSANORUM
2558 1043 2655 1099 ET
2772 989 2811 1116 J?

1274 1152 1969 1211 MALACITANORUM.

669 1342 766 1405 De
814 1339 1112 1404 divisione
1162 1337 1449 1402 materiei.
1499 1361 1560 1423 p.
1623 1341 1774 1402 196.

1423 1532 1695 1597 CAPUT
1741 1533 1793 1597 1.

1211 1684 1297 1733 DE
1333 1683 1499 1732 JURE
1534 1683 2002 1736 PERSONARUM.
2768 1633 2799 1774 Ξ

665 1883 757 1946 De
810 1881 1207 1946 Personarum
1261 1878 1580 1942 divisione.
1634 1903 1692 1964 p.
1752 1881 1921 1957 197,
1978 1883 2127 1945 198.
2769 1839 2813 1999 Ξ

830 2067 860 2142 5
939 2065 988 2127 1.
1071 2064 1158 2124 De
1197 2062 1275 2124 iis
1315 2062 1424 2140 qui
1462 2065 1574 2122 aut
1614 2062 1798 2123 liberi
1842 2067 1985 2124 sunt
2025 2068 2136 2125 aut
2175 2067 2355 2130 servi.

660 2268 754 2331 De
803 2266 1011 2330 serviS.
1114 2266 1205 2329 De
1272 2265 1557 2349 ingenuis
1623 2273 1685 2328 et
1749 2266 2065 2332 libertinis,
2169 2269 2343 2333 Duae
2392 2273 2723 2337 manumis-

470 2395 658 2460 sionis
708 2394 936 2456 formae
987 2391 1310 2477 Salpensae
1377 2393 1933 2477 deprehenduntur.
2037 2395 2211 2474 Quae
2260 2395 2531 2462 fuerint?
2630 2402 2721 2466 De

467 2522 542 2586 iis
593 2522 698 2606 qui
763 2543 873 2584 suo
941 2520 1141 2583 Marte
1191 2519 1619 2582 manumittere
1684 2542 1809 2583 non
1862 2528 2135 2605 possunt.
2236 2523 2328 2587 De
2376 2525 2506 2588 iure
2556 2527 2723 2610 quod
2896 2567 2903 2574 ·

467 2657 925 2736 consequuntur
975 2648 1349 2713 manumissi.
1450 2648 1545 2711 De
1594 2648 1724 2712 iure
1782 2656 2157 2733 patronatus„
2207 2675 2267 2737 p.
2329 2656 2716 2720 198-213,

845 2836 875 2910 ἓ
914 2835 972 2897 2.
1055 2835 1143 2895 De
1182 2831 1260 2893 iis
1297 2832 1407 2911 qui
1445 2835 1591 2893 sunt
1631 2832 1732 2893 sui
1768 2834 1873 2895 vel
1912 2834 2102 2895 alieni
2140 2835 2313 2898 iuris.

648 3033 741 3097 De
791 3032 971 3097 variis
1021 3032 1218 3097 modis
1269 3032 1491 3117 quibus
1540 3033 1719 3097 alieni
1768 3033 1917 3097 iuris
1977 3057 2107 3100 esse
2155 3044 2430 3122 possunt.
2512 3039 2605 3104 De
2638 3038 2715 3104 iis
2792 3112 2799 3120 ,

457 3161 566 3247 qui
618 3168 762 3225 sunt
809 3160 872 3224 in
923 3160 1124 3245 patria
1172 3167 1503 3246 potestate,
1559 3161 1625 3223 in
1673 3184 1890 3239 manu,
1941 3161 2006 3225 in
2055 3166 2379 3250 mancipio,
2478 3167 2575 3232 De
2623 3189 2715 3231 ra·

457 3290 623 3352 tione
673 3310 792 3372 qua
844 3286 1080 3375 differat
1129 3287 1403 3351 conditio
1471 3310 1679 3351 eorum
1729 3288 1838 3372 qui
1889 3289 1985 3352 sui
2036 3290 2182 3353 iuris
2231 3300 2392 3356 sunt.
2494 3294 2586 3357 De
2635 3293 2712 3358 iis

456 3416 564 3500 qui
614 3416 682 3478 in
732 3412 923 3479 tutela
974 3420 1136 3477 sunt.
1189 3436 1252 3499 p.
1309 3416 1697 3479 213—229.

1369 3668 1647 3732 CAPUT
1694 3668 1788 3733 II.

1200 3879 1304 3927 DE
1359 3878 1934 3929 ACTIONIBUS.
2794 3955 2796 3957 q

2796 3959 2819 3992 ἦ
2933 3955 2944 3966 .

638 4048 732 4111 De
782 4048 1022 4112 actione
1070 4048 1375 4135 populari.
1478 4048 1647 4128 Quid
1700 4048 1803 4113 illa
1852 4050 2089 4115 actione
2138 4052 2499 4137 petebatur?
2582 4053 2702 4118 Cui
2798 4081 2819 4142 j-

449 4174 746 4261 competit
794 4196 1031 4238 summa
1080 4176 1195 4239 hae
1245 4175 1486 4239 actione
1536 4176 1770 4260 petita?
1818 4200 1877 4262 p.
1932 4182 2321 4244 229—233.
