<?xml version="1.0" encoding="UTF-8"?>
<!DOCTYPE html PUBLIC "-//W3C//DTD XHTML 1.0 Transitional//EN"
    "http://www.w3.org/TR/xhtml1/DTD/xhtml1-transitional.dtd">
<html xmlns="http://www.w3.org/1999/xhtml" xml:lang="en" lang="en">
 <head>
  <title>
</title>
<meta http-equiv="Content-Type" content="text/html;charset=utf-8" />
  <meta name='ocr-system' content='tesseract 3.04.00' />
  <meta name='ocr-capabilities' content='ocr_page ocr_carea ocr_par ocr_line ocrx_word'/>
</head>
<body>
  <div class='ocr_page' id='page_1' title='image "./disquisitiodeae00swingoog_0167.png"; bbox 0 0 3027 5263; ppageno 0'>
   <div class='ocr_carea' id='block_1_1' title="bbox 1367 610 1490 673">
    <p class='ocr_par' dir='ltr' id='par_1_1' title="bbox 1367 610 1490 673">
     <span class='ocr_line' id='line_1_1' title="bbox 1367 610 1490 673; baseline 0.016 -2"><span class='ocrx_word' id='word_1_1' title='bbox 1367 610 1490 673; x_wconf 83' lang='lat'><strong>151</strong></span> 
     </span>
    </p>
   </div>
   <div class='ocr_carea' id='block_1_2' title="bbox 295 801 2553 3707">
    <p class='ocr_par' dir='ltr' id='par_1_2' title="bbox 295 801 2548 1254">
     <span class='ocr_line' id='line_1_2' title="bbox 302 801 2548 892; baseline -0 -21"><span class='ocrx_word' id='word_1_2' title='bbox 302 806 494 871; x_wconf 81' lang='lat' dir='ltr'><strong>veniri</strong></span> <span class='ocrx_word' id='word_1_3' title='bbox 571 804 880 892; x_wconf 85' lang='lat' dir='ltr'><strong>potuerint</strong></span> <span class='ocrx_word' id='word_1_4' title='bbox 957 804 1182 869; x_wconf 87' lang='lat' dir='ltr'><strong>honore</strong></span> <span class='ocrx_word' id='word_1_5' title='bbox 1273 801 1593 889; x_wconf 83' lang='lat' dir='ltr'><strong>deposito?</strong></span> <span class='ocrx_word' id='word_1_6' title='bbox 1696 802 1845 867; x_wconf 91' lang='lat' dir='ltr'><strong>Non</strong></span> <span class='ocrx_word' id='word_1_7' title='bbox 1912 801 2128 867; x_wconf 91' lang='lat' dir='ltr'><strong>dubito</strong></span> <span class='ocrx_word' id='word_1_8' title='bbox 2194 802 2548 871; x_wconf 83' lang='lat' dir='ltr'><strong>affirmando</strong></span> 
     </span>
     <span class='ocr_line' id='line_1_3' title="bbox 295 930 2548 1020; baseline 0 -22"><span class='ocrx_word' id='word_1_9' title='bbox 295 933 679 1020; x_wconf 83' lang='lat' dir='ltr'><strong>respondere.</strong></span> <span class='ocrx_word' id='word_1_10' title='bbox 774 932 1218 1018; x_wconf 86' lang='lat' dir='ltr'><strong>Jusjurandum</strong></span> <span class='ocrx_word' id='word_1_11' title='bbox 1285 952 1406 1016; x_wconf 90' lang='lat' dir='ltr'><strong>quo</strong></span> <span class='ocrx_word' id='word_1_12' title='bbox 1466 930 1830 1017; x_wconf 83' lang='lat' dir='ltr'><strong>adiguntur,</strong></span> <span class='ocrx_word' id='word_1_13' title='bbox 1900 930 2099 995; x_wconf 89' lang='lat' dir='ltr'><strong>cautio</strong></span> <span class='ocrx_word' id='word_1_14' title='bbox 2148 952 2331 1016; x_wconf 88' lang='lat' dir='ltr'><strong>quam</strong></span> <span class='ocrx_word' id='word_1_15' title='bbox 2380 954 2548 1018; x_wconf 89' lang='lat' dir='ltr'><strong>prae-</strong></span> 
     </span>
     <span class='ocr_line' id='line_1_4' title="bbox 299 1056 2545 1145; baseline 0 -21"><span class='ocrx_word' id='word_1_16' title='bbox 299 1066 494 1140; x_wconf 87' lang='lat' dir='ltr'><strong>stant,</strong></span> <span class='ocrx_word' id='word_1_17' title='bbox 547 1082 700 1145; x_wconf 88' lang='lat' dir='ltr'><strong>quae</strong></span> <span class='ocrx_word' id='word_1_18' title='bbox 749 1082 818 1125; x_wconf 89' lang='lat' dir='ltr'><strong>eo</strong></span> <span class='ocrx_word' id='word_1_19' title='bbox 867 1063 1142 1145; x_wconf 88' lang='lat' dir='ltr'><strong>spectant</strong></span> <span class='ocrx_word' id='word_1_20' title='bbox 1189 1063 1260 1122; x_wconf 89' lang='lat' dir='ltr'><strong>nt</strong></span> <span class='ocrx_word' id='word_1_21' title='bbox 1307 1080 1402 1123; x_wconf 90' lang='lat' dir='ltr'><strong>res</strong></span> <span class='ocrx_word' id='word_1_22' title='bbox 1449 1056 1697 1143; x_wconf 85' lang='lat' dir='ltr'><strong>publica</strong></span> <span class='ocrx_word' id='word_1_23' title='bbox 1744 1057 1909 1123; x_wconf 88' lang='lat' dir='ltr'><strong>salva</strong></span> <span class='ocrx_word' id='word_1_24' title='bbox 1940 1058 2054 1136; x_wconf 89' lang='lat' dir='ltr'><strong>sit,</strong></span> <span class='ocrx_word' id='word_1_25' title='bbox 2107 1059 2172 1123; x_wconf 92' lang='lat' dir='ltr'><strong>id</strong></span> <span class='ocrx_word' id='word_1_26' title='bbox 2205 1060 2354 1124; x_wconf 90' lang='lat' dir='ltr'><strong>satis</strong></span> <span class='ocrx_word' id='word_1_27' title='bbox 2387 1059 2545 1125; x_wconf 89' lang='lat' dir='ltr'><strong>indi-</strong></span> 
     </span>
     <span class='ocr_line' id='line_1_5' title="bbox 301 1188 792 1254; baseline -0.002 0"><span class='ocrx_word' id='word_1_28' title='bbox 301 1210 438 1254; x_wconf 86' lang='lat' dir='ltr'><strong>care</strong></span> <span class='ocrx_word' id='word_1_29' title='bbox 486 1188 792 1254; x_wconf 84' lang='lat' dir='ltr'><strong>videntur.</strong></span> 
     </span>
    </p>

    <p class='ocr_par' dir='ltr' id='par_1_3' title="bbox 299 1313 2546 1665">
     <span class='ocr_line' id='line_1_6' title="bbox 493 1313 2543 1401; baseline 0.001 -20"><span class='ocrx_word' id='word_1_30' title='bbox 493 1316 1022 1381; x_wconf 86' lang='lat' dir='ltr'><strong>Animadvertatur</strong></span> <span class='ocrx_word' id='word_1_31' title='bbox 1096 1320 1337 1393; x_wconf 88' lang='lat' dir='ltr'><strong>tamen,</strong></span> <span class='ocrx_word' id='word_1_32' title='bbox 1420 1314 1585 1401; x_wconf 88' lang='lat' dir='ltr'><strong>quod</strong></span> <span class='ocrx_word' id='word_1_33' title='bbox 1642 1314 1858 1380; x_wconf 82' lang='lat' dir='ltr'><strong>attinet</strong></span> <span class='ocrx_word' id='word_1_34' title='bbox 1916 1313 1993 1381; x_wconf 89' lang='lat' dir='ltr'><strong>ad</strong></span> <span class='ocrx_word' id='word_1_35' title='bbox 2050 1315 2343 1381; x_wconf 90' lang='lat' dir='ltr'><strong>rationem</strong></span> <span class='ocrx_word' id='word_1_36' title='bbox 2402 1338 2543 1383; x_wconf 87' lang='lat' dir='ltr'><strong>con·</strong></span> 
     </span>
     <span class='ocr_line' id='line_1_7' title="bbox 299 1443 2546 1532; baseline 0 -19"><span class='ocrx_word' id='word_1_37' title='bbox 299 1446 586 1514; x_wconf 86' lang='lat' dir='ltr'><strong>veniendi</strong></span> <span class='ocrx_word' id='word_1_38' title='bbox 635 1445 1053 1532; x_wconf 77' lang='lat' dir='ltr'><strong>magistratuS,</strong></span> <span class='ocrx_word' id='word_1_39' title='bbox 1090 1444 1299 1509; x_wconf 87' lang='lat' dir='ltr'><strong>eodem</strong></span> <span class='ocrx_word' id='word_1_40' title='bbox 1334 1466 1459 1509; x_wconf 92' lang='lat' dir='ltr'><strong>non</strong></span> <span class='ocrx_word' id='word_1_41' title='bbox 1493 1443 1691 1509; x_wconf 89' lang='lat' dir='ltr'><strong>redire</strong></span> <span class='ocrx_word' id='word_1_42' title='bbox 1724 1452 1931 1509; x_wconf 88' lang='lat' dir='ltr'><strong>utrum</strong></span> <span class='ocrx_word' id='word_1_43' title='bbox 1965 1444 2301 1532; x_wconf 81' lang='lat' dir='ltr'><strong>respublica</strong></span> <span class='ocrx_word' id='word_1_44' title='bbox 2335 1454 2546 1513; x_wconf 80' lang='lat' dir='ltr'><strong>contra</strong></span> 
     </span>
     <span class='ocr_line' id='line_1_8' title="bbox 300 1575 1390 1665; baseline -0.004 -23"><span class='ocrx_word' id='word_1_45' title='bbox 300 1577 726 1665; x_wconf 84' lang='lat' dir='ltr'><strong>magistratum</strong></span> <span class='ocrx_word' id='word_1_46' title='bbox 776 1598 850 1640; x_wconf 89' lang='lat' dir='ltr'><strong>an</strong></span> <span class='ocrx_word' id='word_1_47' title='bbox 902 1575 1179 1661; x_wconf 84' lang='lat' dir='ltr'><strong>privatus</strong></span> <span class='ocrx_word' id='word_1_48' title='bbox 1231 1580 1390 1661; x_wconf 88' lang='lat' dir='ltr'><strong>agat.</strong></span> 
     </span>
    </p>

    <p class='ocr_par' dir='ltr' id='par_1_4' title="bbox 295 1700 2549 2175">
     <span class='ocr_line' id='line_1_9' title="bbox 491 1700 2541 1791; baseline 0 -22"><span class='ocrx_word' id='word_1_49' title='bbox 491 1704 699 1787; x_wconf 74' lang='lat' dir='ltr'><strong>Quum</strong></span> <span class='ocrx_word' id='word_1_50' title='bbox 750 1704 905 1768; x_wconf 89' lang='lat' dir='ltr'><strong>enim</strong></span> <span class='ocrx_word' id='word_1_51' title='bbox 942 1700 1278 1787; x_wconf 82' lang='lat' dir='ltr'>respublica</span> <span class='ocrx_word' id='word_1_52' title='bbox 1312 1701 1601 1766; x_wconf 86' lang='lat' dir='ltr'><strong>damnum</strong></span> <span class='ocrx_word' id='word_1_53' title='bbox 1638 1707 1879 1787; x_wconf 80' lang='lat' dir='ltr'><strong>ceperat</strong></span> <span class='ocrx_word' id='word_1_54' title='bbox 1911 1722 1985 1766; x_wconf 88' lang='lat' dir='ltr'><strong>ex</strong></span> <span class='ocrx_word' id='word_1_55' title='bbox 2016 1701 2288 1788; x_wconf 84' lang='lat' dir='ltr'><strong>gestione</strong></span> <span class='ocrx_word' id='word_1_56' title='bbox 2322 1704 2541 1791; x_wconf 84' lang='lat' dir='ltr'><strong>magis·</strong></span> 
     </span>
     <span class='ocr_line' id='line_1_10' title="bbox 295 1829 2543 1917; baseline 0.001 -20"><span class='ocrx_word' id='word_1_57' title='bbox 295 1838 525 1911; x_wconf 75' lang='lat' dir='ltr'><strong>tratuS,</strong></span> <span class='ocrx_word' id='word_1_58' title='bbox 575 1838 782 1898; x_wconf 86' lang='lat' dir='ltr'><strong>contra</strong></span> <span class='ocrx_word' id='word_1_59' title='bbox 830 1831 1077 1917; x_wconf 87' lang='lat' dir='ltr'><strong>praedes</strong></span> <span class='ocrx_word' id='word_1_60' title='bbox 1127 1830 1293 1895; x_wconf 87' lang='lat' dir='ltr'><strong>illius</strong></span> <span class='ocrx_word' id='word_1_61' title='bbox 1341 1829 1559 1917; x_wconf 86' lang='lat' dir='ltr'><strong>agebat</strong></span> <span class='ocrx_word' id='word_1_62' title='bbox 1601 1830 1709 1916; x_wconf 85' lang='lat' dir='ltr'><strong>qui</strong></span> <span class='ocrx_word' id='word_1_63' title='bbox 1768 1852 1937 1907; x_wconf 87' lang='lat' dir='ltr'><strong>„rem</strong></span> <span class='ocrx_word' id='word_1_64' title='bbox 1974 1830 2281 1916; x_wconf 85' lang='lat' dir='ltr'><strong>publicam</strong></span> <span class='ocrx_word' id='word_1_65' title='bbox 2316 1832 2543 1899; x_wconf 85' lang='lat' dir='ltr'><strong>salvam</strong></span> 
     </span>
     <span class='ocr_line' id='line_1_11' title="bbox 298 1958 2549 2049; baseline -0 -21"><span class='ocrx_word' id='word_1_66' title='bbox 298 1962 467 2028; x_wconf 87' lang='lat' dir='ltr'><strong>fore”</strong></span> <span class='ocrx_word' id='word_1_67' title='bbox 529 1961 959 2048; x_wconf 84' lang='lat' dir='ltr'><strong>promiserant,</strong></span> <span class='ocrx_word' id='word_1_68' title='bbox 1028 1982 1147 2045; x_wconf 90' lang='lat' dir='ltr'><strong>quo</strong></span> <span class='ocrx_word' id='word_1_69' title='bbox 1196 1959 1356 2023; x_wconf 84' lang='lat' dir='ltr'><strong>facto</strong></span> <span class='ocrx_word' id='word_1_70' title='bbox 1403 1965 1539 2023; x_wconf 89' lang='lat' dir='ltr'><strong>tum</strong></span> <span class='ocrx_word' id='word_1_71' title='bbox 1591 1958 1653 2023; x_wconf 83' lang='lat' dir='ltr'><strong>hi</strong></span> <span class='ocrx_word' id='word_1_72' title='bbox 1704 1966 1837 2023; x_wconf 85' lang='lat' dir='ltr'><strong>tum</strong></span> <span class='ocrx_word' id='word_1_73' title='bbox 1895 1960 2140 2045; x_wconf 88' lang='lat' dir='ltr'><strong>praedia</strong></span> <span class='ocrx_word' id='word_1_74' title='bbox 2196 1960 2549 2049; x_wconf 84' lang='lat' dir='ltr'><strong>subsignata</strong></span> 
     </span>
     <span class='ocr_line' id='line_1_12' title="bbox 299 2084 1682 2175; baseline -0.004 -19"><span class='ocrx_word' id='word_1_75' title='bbox 299 2090 624 2166; x_wconf 84' lang='lat' dir='ltr'><strong>venibant,</strong></span> <span class='ocrx_word' id='word_1_76' title='bbox 674 2096 743 2151; x_wconf 91' lang='lat' dir='ltr'><strong>ut</strong></span> <span class='ocrx_word' id='word_1_77' title='bbox 789 2093 997 2175; x_wconf 83' lang='lat' dir='ltr'><strong>postea</strong></span> <span class='ocrx_word' id='word_1_78' title='bbox 1044 2086 1322 2171; x_wconf 86' lang='lat' dir='ltr'><strong>pluribus</strong></span> <span class='ocrx_word' id='word_1_79' title='bbox 1373 2084 1682 2151; x_wconf 82' lang='lat' dir='ltr'><strong>indicabO.</strong></span> 
     </span>
    </p>

    <p class='ocr_par' dir='ltr' id='par_1_5' title="bbox 300 2204 2548 2559">
     <span class='ocr_line' id='line_1_13' title="bbox 491 2204 2546 2301; baseline 0.001 -19"><span class='ocrx_word' id='word_1_80' title='bbox 491 2204 856 2283; x_wconf 76' lang='lat' dir='ltr'><strong>Adden&#39;dum</strong></span> <span class='ocrx_word' id='word_1_81' title='bbox 894 2215 1134 2281; x_wconf 87' lang='lat' dir='ltr'><strong>videtur</strong></span> <span class='ocrx_word' id='word_1_82' title='bbox 1164 2236 1640 2301; x_wconf 89' lang='lat' dir='ltr'><strong>nonnunquam,</strong></span> <span class='ocrx_word' id='word_1_83' title='bbox 1678 2236 1869 2299; x_wconf 89' lang='lat' dir='ltr'><strong>quum</strong></span> <span class='ocrx_word' id='word_1_84' title='bbox 1903 2214 1969 2279; x_wconf 89' lang='lat' dir='ltr'><strong>in</strong></span> <span class='ocrx_word' id='word_1_85' title='bbox 2001 2236 2224 2301; x_wconf 90' lang='lat' dir='ltr'><strong>poenas</strong></span> <span class='ocrx_word' id='word_1_86' title='bbox 2252 2215 2546 2284; x_wconf 87' lang='lat' dir='ltr'><strong>multasve</strong></span> 
     </span>
     <span class='ocr_line' id='line_1_14' title="bbox 301 2342 2548 2429; baseline -0 -19"><span class='ocrx_word' id='word_1_87' title='bbox 301 2344 660 2410; x_wconf 86' lang='lat' dir='ltr'><strong>incidissent</strong></span> <span class='ocrx_word' id='word_1_88' title='bbox 707 2344 1135 2429; x_wconf 72' lang='lat' dir='ltr'><strong>magistr-awa,</strong></span> <span class='ocrx_word' id='word_1_89' title='bbox 1181 2349 1389 2407; x_wconf 88' lang='lat' dir='ltr'><strong>contra</strong></span> <span class='ocrx_word' id='word_1_90' title='bbox 1437 2342 1689 2428; x_wconf 86' lang='lat' dir='ltr'><strong>praedes</strong></span> <span class='ocrx_word' id='word_1_91' title='bbox 1738 2365 1863 2407; x_wconf 89' lang='lat' dir='ltr'><strong>non</strong></span> <span class='ocrx_word' id='word_1_92' title='bbox 1899 2348 2099 2406; x_wconf 85' lang='lat' dir='ltr'><strong>actum</strong></span> <span class='ocrx_word' id='word_1_93' title='bbox 2150 2364 2277 2408; x_wconf 86' lang='lat' dir='ltr'><strong>esse</strong></span> <span class='ocrx_word' id='word_1_94' title='bbox 2313 2342 2388 2429; x_wconf 91' lang='lat'><strong>¹),</strong></span> <span class='ocrx_word' id='word_1_95' title='bbox 2441 2345 2548 2410; x_wconf 87' lang='lat' dir='ltr'><strong>sed</strong></span> 
     </span>
     <span class='ocr_line' id='line_1_15' title="bbox 300 2468 2287 2559; baseline -0.001 -22"><span class='ocrx_word' id='word_1_96' title='bbox 300 2473 544 2538; x_wconf 86' lang='lat' dir='ltr'><strong>actione</strong></span> <span class='ocrx_word' id='word_1_97' title='bbox 591 2472 872 2559; x_wconf 88' lang='lat' dir='ltr'><strong>populari</strong></span> <span class='ocrx_word' id='word_1_98' title='bbox 902 2472 951 2557; x_wconf 80' lang='grc'><strong>2)</strong></span> <span class='ocrx_word' id='word_1_99' title='bbox 1004 2472 1201 2557; x_wconf 88' lang='lat' dir='ltr'><strong>ipsum</strong></span> <span class='ocrx_word' id='word_1_100' title='bbox 1253 2476 1621 2535; x_wconf 85' lang='lat' dir='ltr'><strong>conventum</strong></span> <span class='ocrx_word' id='word_1_101' title='bbox 1672 2492 1799 2535; x_wconf 87' lang='lat' dir='ltr'><strong>esse</strong></span> <span class='ocrx_word' id='word_1_102' title='bbox 1849 2468 2287 2556; x_wconf 83' lang='lat' dir='ltr'><strong>magistratum.</strong></span> 
     </span>
    </p>

    <p class='ocr_par' dir='ltr' id='par_1_6' title="bbox 297 2598 2553 3707">
     <span class='ocr_line' id='line_1_16' title="bbox 489 2598 2547 2686; baseline 0.001 -21"><span class='ocrx_word' id='word_1_103' title='bbox 489 2600 700 2686; x_wconf 86' lang='lat' dir='ltr'><strong>Longe</strong></span> <span class='ocrx_word' id='word_1_104' title='bbox 749 2599 864 2665; x_wconf 85' lang='lat' dir='ltr'><strong>alia</strong></span> <span class='ocrx_word' id='word_1_105' title='bbox 914 2606 1042 2664; x_wconf 87' lang='lat' dir='ltr'><strong>erat</strong></span> <span class='ocrx_word' id='word_1_106' title='bbox 1089 2598 1306 2686; x_wconf 85' lang='lat' dir='ltr'><strong>agendi</strong></span> <span class='ocrx_word' id='word_1_107' title='bbox 1355 2599 1543 2677; x_wconf 86' lang='lat' dir='ltr'><strong>ratic,</strong></span> <span class='ocrx_word' id='word_1_108' title='bbox 1604 2620 1793 2684; x_wconf 89' lang='lat' dir='ltr'><strong>quum</strong></span> <span class='ocrx_word' id='word_1_109' title='bbox 1837 2598 2223 2686; x_wconf 84' lang='lat' dir='ltr'><strong>magistratus</strong></span> <span class='ocrx_word' id='word_1_110' title='bbox 2258 2600 2547 2668; x_wconf 85' lang='lat' dir='ltr'><strong>damnum</strong></span> 
     </span>
     <span class='ocr_line' id='line_1_17' title="bbox 300 2726 2553 2814; baseline 0.001 -21"><span class='ocrx_word' id='word_1_111' title='bbox 300 2727 594 2794; x_wconf 86' lang='lat' dir='ltr'><strong>intulerat</strong></span> <span class='ocrx_word' id='word_1_112' title='bbox 643 2729 890 2814; x_wconf 85' lang='lat' dir='ltr'><strong>privatis</strong></span> <span class='ocrx_word' id='word_1_113' title='bbox 907 2753 926 2806; x_wconf 90' lang='lat'>;</span> <span class='ocrx_word' id='word_1_114' title='bbox 977 2733 1108 2792; x_wconf 89' lang='lat' dir='ltr'><strong>tum</strong></span> <span class='ocrx_word' id='word_1_115' title='bbox 1158 2726 1320 2792; x_wconf 91' lang='lat' dir='ltr'><strong>enim</strong></span> <span class='ocrx_word' id='word_1_116' title='bbox 1370 2749 1424 2791; x_wconf 89' lang='lat' dir='ltr'><strong>v.</strong></span> <span class='ocrx_word' id='word_1_117' title='bbox 1477 2750 1537 2812; x_wconf 89' lang='lat' dir='ltr'><strong>g.</strong></span> <span class='ocrx_word' id='word_1_118' title='bbox 1589 2727 1640 2791; x_wconf 89' lang='lat' dir='ltr'><strong>si</strong></span> <span class='ocrx_word' id='word_1_119' title='bbox 1698 2727 1903 2791; x_wconf 87' lang='lat' dir='ltr'><strong>minus</strong></span> <span class='ocrx_word' id='word_1_120' title='bbox 1951 2728 2236 2794; x_wconf 88' lang='lat' dir='ltr'><strong>idoneum</strong></span> <span class='ocrx_word' id='word_1_121' title='bbox 2288 2729 2553 2797; x_wconf 85' lang='lat' dir='ltr'><strong>dedisset</strong></span> 
     </span>
     <span class='ocr_line' id='line_1_18' title="bbox 297 2854 2548 2942; baseline 0.001 -20"><span class='ocrx_word' id='word_1_122' title='bbox 297 2863 603 2935; x_wconf 87' lang='lat' dir='ltr'><strong>tutorem,</strong></span> <span class='ocrx_word' id='word_1_123' title='bbox 685 2855 936 2942; x_wconf 88' lang='lat' dir='ltr'><strong>praedes</strong></span> <span class='ocrx_word' id='word_1_124' title='bbox 999 2877 1122 2920; x_wconf 92' lang='lat' dir='ltr'><strong>non</strong></span> <span class='ocrx_word' id='word_1_125' title='bbox 1187 2854 1703 2920; x_wconf 83' lang='lat' dir='ltr'><strong>conveniebantur</strong></span> <span class='ocrx_word' id='word_1_126' title='bbox 1775 2854 1953 2940; x_wconf 86' lang='lat' dir='ltr'><strong>quia,</strong></span> <span class='ocrx_word' id='word_1_127' title='bbox 2033 2861 2185 2921; x_wconf 88' lang='lat' dir='ltr'><strong>teste</strong></span> <span class='ocrx_word' id='word_1_128' title='bbox 2234 2877 2548 2940; x_wconf 80' lang='lat' dir='ltr'><strong>ULPIANO,</strong></span> 
     </span>
     <span class='ocr_line' id='line_1_19' title="bbox 299 2980 2550 3070; baseline 0 -20"><span class='ocrx_word' id='word_1_129' title='bbox 299 2984 788 3070; x_wconf 86' lang='lat' dir='ltr'><strong>„rempublicam</strong></span> <span class='ocrx_word' id='word_1_130' title='bbox 820 2984 1046 3048; x_wconf 87' lang='lat' dir='ltr'><strong>salvam</strong></span> <span class='ocrx_word' id='word_1_131' title='bbox 1077 2980 1242 3046; x_wconf 82' lang='lat' dir='ltr'><strong>fore⁹⁹</strong></span> <span class='ocrx_word' id='word_1_132' title='bbox 1291 2982 1695 3067; x_wconf 86' lang='lat' dir='ltr'><strong>promiserant</strong></span> <span class='ocrx_word' id='word_1_133' title='bbox 1726 3004 1923 3067; x_wconf 89' lang='lat' dir='ltr'><strong>neque</strong></span> <span class='ocrx_word' id='word_1_134' title='bbox 1954 2982 2324 3069; x_wconf 88' lang='lat' dir='ltr'><strong>reipublicae</strong></span> <span class='ocrx_word' id='word_1_135' title='bbox 2366 2986 2550 3052; x_wconf 85' lang='lat' dir='ltr'><strong>inter·</strong></span> 
     </span>
     <span class='ocr_line' id='line_1_20' title="bbox 299 3109 2539 3200; baseline -0 -22"><span class='ocrx_word' id='word_1_136' title='bbox 299 3120 429 3179; x_wconf 90' lang='lat' dir='ltr'><strong>erat</strong></span> <span class='ocrx_word' id='word_1_137' title='bbox 477 3112 640 3199; x_wconf 91' lang='lat' dir='ltr'><strong>quod</strong></span> <span class='ocrx_word' id='word_1_138' title='bbox 691 3113 765 3177; x_wconf 90' lang='lat' dir='ltr'><strong>ad</strong></span> <span class='ocrx_word' id='word_1_139' title='bbox 814 3134 942 3177; x_wconf 90' lang='lat' dir='ltr'><strong>rem</strong></span> <span class='ocrx_word' id='word_1_140' title='bbox 993 3109 1401 3196; x_wconf 84' lang='lat' dir='ltr'><strong>pecuniariam</strong></span> <span class='ocrx_word' id='word_1_141' title='bbox 1453 3109 1677 3174; x_wconf 86' lang='lat' dir='ltr'><strong>attinet</strong></span> <span class='ocrx_word' id='word_1_142' title='bbox 1715 3109 1966 3196; x_wconf 87' lang='lat' dir='ltr'><strong>pupillis</strong></span> <span class='ocrx_word' id='word_1_143' title='bbox 2007 3116 2238 3176; x_wconf 87' lang='lat' dir='ltr'><strong>tutores</strong></span> <span class='ocrx_word' id='word_1_144' title='bbox 2288 3113 2420 3178; x_wconf 88' lang='lat' dir='ltr'><strong>dari</strong></span> <span class='ocrx_word' id='word_1_145' title='bbox 2455 3114 2539 3200; x_wconf 80' lang='lat'><strong>³),</strong></span> 
     </span>
     <span class='ocr_line' id='line_1_21' title="bbox 298 3237 2547 3326; baseline 0 -20"><span class='ocrx_word' id='word_1_146' title='bbox 298 3240 408 3307; x_wconf 90' lang='lat' dir='ltr'><strong>sed</strong></span> <span class='ocrx_word' id='word_1_147' title='bbox 457 3241 584 3326; x_wconf 90' lang='lat' dir='ltr'><strong>ipse</strong></span> <span class='ocrx_word' id='word_1_148' title='bbox 633 3239 1020 3325; x_wconf 85' lang='lat' dir='ltr'><strong>magistratus</strong></span> <span class='ocrx_word' id='word_1_149' title='bbox 1069 3243 1308 3302; x_wconf 88' lang='lat' dir='ltr'><strong>tantum</strong></span> <span class='ocrx_word' id='word_1_150' title='bbox 1343 3237 1667 3302; x_wconf 83' lang='lat' dir='ltr'><strong>obst-rictus</strong></span> <span class='ocrx_word' id='word_1_151' title='bbox 1701 3243 1849 3303; x_wconf 86' lang='lat' dir='ltr'><strong>erat.</strong></span> <span class='ocrx_word' id='word_1_152' title='bbox 1948 3239 2105 3304; x_wconf 90' lang='lat' dir='ltr'><strong>Item</strong></span> <span class='ocrx_word' id='word_1_153' title='bbox 2140 3241 2389 3326; x_wconf 88' lang='lat' dir='ltr'><strong>praedes</strong></span> <span class='ocrx_word' id='word_1_154' title='bbox 2423 3265 2547 3307; x_wconf 88' lang='lat' dir='ltr'><strong>non</strong></span> 
     </span>
     <span class='ocr_line' id='line_1_22' title="bbox 297 3365 2549 3452; baseline 0.002 -21"><span class='ocrx_word' id='word_1_155' title='bbox 297 3367 663 3432; x_wconf 85' lang='lat' dir='ltr'><strong>tenebantur</strong></span> <span class='ocrx_word' id='word_1_156' title='bbox 752 3388 864 3452; x_wconf 86' lang='lat' dir='ltr'><strong>pro</strong></span> <span class='ocrx_word' id='word_1_157' title='bbox 933 3365 1290 3452; x_wconf 84' lang='lat' dir='ltr'><strong>magistratu</strong></span> <span class='ocrx_word' id='word_1_158' title='bbox 1356 3366 1464 3451; x_wconf 87' lang='lat' dir='ltr'><strong>qui</strong></span> <span class='ocrx_word' id='word_1_159' title='bbox 1528 3365 1731 3430; x_wconf 86' lang='lat' dir='ltr'><strong>minus</strong></span> <span class='ocrx_word' id='word_1_160' title='bbox 1794 3366 2084 3432; x_wconf 87' lang='lat' dir='ltr'><strong>idoneum</strong></span> <span class='ocrx_word' id='word_1_161' title='bbox 2142 3389 2549 3436; x_wconf 86' lang='lat' dir='ltr'><strong>successorem</strong></span> 
     </span>
     <span class='ocr_line' id='line_1_23' title="bbox 299 3493 2545 3582; baseline 0.001 -22"><span class='ocrx_word' id='word_1_162' title='bbox 299 3494 715 3560; x_wconf 86' lang='lat' dir='ltr'><strong>nominaverat</strong></span> <span class='ocrx_word' id='word_1_163' title='bbox 748 3494 830 3579; x_wconf 68' lang='lat'><strong>⁴),</strong></span> <span class='ocrx_word' id='word_1_164' title='bbox 879 3493 1013 3579; x_wconf 89' lang='lat' dir='ltr'><strong>ipse</strong></span> <span class='ocrx_word' id='word_1_165' title='bbox 1059 3498 1264 3558; x_wconf 86' lang='lat' dir='ltr'><strong>tamen</strong></span> <span class='ocrx_word' id='word_1_166' title='bbox 1311 3493 1649 3578; x_wconf 87' lang='lat' dir='ltr'><strong>periculum</strong></span> <span class='ocrx_word' id='word_1_167' title='bbox 1696 3493 1994 3559; x_wconf 86' lang='lat' dir='ltr'><strong>nominati</strong></span> <span class='ocrx_word' id='word_1_168' title='bbox 2044 3495 2351 3582; x_wconf 82' lang='lat' dir='ltr'><strong>suscipere</strong></span> <span class='ocrx_word' id='word_1_169' title='bbox 2384 3519 2545 3562; x_wconf 89' lang='lat' dir='ltr'><strong>com·</strong></span> 
     </span>
     <span class='ocr_line' id='line_1_24' title="bbox 301 3620 745 3707; baseline -0.002 -22"><span class='ocrx_word' id='word_1_170' title='bbox 301 3620 644 3707; x_wconf 87' lang='lat' dir='ltr'><strong>pellebatur</strong></span> <span class='ocrx_word' id='word_1_171' title='bbox 677 3621 745 3704; x_wconf 81' lang='lat'><strong>⁵).</strong></span> 
     </span>
    </p>
   </div>
   <div class='ocr_carea' id='block_1_3' title="bbox 311 3783 719 3794">
    <p class='ocr_par' dir='ltr' id='par_1_7' title="bbox 311 3783 719 3794">
     <span class='ocr_line' id='line_1_25' title="bbox 311 3783 719 3794; baseline 0 1469"><span class='ocrx_word' id='word_1_172' title='bbox 311 3783 719 3794; x_wconf 95' lang='lat' dir='ltr'><strong> </strong></span> 
     </span>
    </p>
   </div>
   <div class='ocr_carea' id='block_1_4' title="bbox 289 3888 2555 4380">
    <p class='ocr_par' dir='ltr' id='par_1_8' title="bbox 289 3888 2555 4380">
     <span class='ocr_line' id='line_1_26' title="bbox 450 3888 2548 3964; baseline 0.005 -25"><span class='ocrx_word' id='word_1_173' title='bbox 450 3891 482 3954; x_wconf 83' lang='lat'><strong>¹)</strong></span> <span class='ocrx_word' id='word_1_174' title='bbox 556 3890 672 3940; x_wconf 86' lang='lat' dir='ltr'><strong>Vide</strong></span> <span class='ocrx_word' id='word_1_175' title='bbox 725 3889 819 3956; x_wconf 79' lang='lat' dir='ltr'><strong>leg.</strong></span> <span class='ocrx_word' id='word_1_176' title='bbox 875 3888 935 3942; x_wconf 83' lang='lat'><strong>17</strong></span> <span class='ocrx_word' id='word_1_177' title='bbox 989 3892 1014 3952; x_wconf 98' lang='lat'>5</span> <span class='ocrx_word' id='word_1_178' title='bbox 1069 3890 1148 3942; x_wconf 92' lang='grc'><strong>15.</strong></span> <span class='ocrx_word' id='word_1_179' title='bbox 1207 3892 1267 3941; x_wconf 90' lang='lat' dir='ltr'><strong>D.</strong></span> <span class='ocrx_word' id='word_1_180' title='bbox 1320 3891 1387 3940; x_wconf 84' lang='lat' dir='ltr'><strong>ad</strong></span> <span class='ocrx_word' id='word_1_181' title='bbox 1435 3907 1563 3941; x_wconf 80' lang='lat' dir='ltr'><strong>mun.</strong></span> <span class='ocrx_word' id='word_1_182' title='bbox 1617 3890 1771 3955; x_wconf 87' lang='grc'><strong>(50.1)</strong></span> <span class='ocrx_word' id='word_1_183' title='bbox 1820 3895 1868 3942; x_wconf 88' lang='lat' dir='ltr'><strong>et</strong></span> <span class='ocrx_word' id='word_1_184' title='bbox 1902 3891 1997 3958; x_wconf 86' lang='lat' dir='ltr'><strong>leg.</strong></span> <span class='ocrx_word' id='word_1_185' title='bbox 2032 3894 2096 3946; x_wconf 92' lang='grc'><strong>68</strong></span> <span class='ocrx_word' id='word_1_186' title='bbox 2134 3911 2208 3961; x_wconf 85' lang='lat' dir='ltr'><strong>pr.</strong></span> <span class='ocrx_word' id='word_1_187' title='bbox 2244 3895 2306 3948; x_wconf 90' lang='lat' dir='ltr'><strong>D.</strong></span> <span class='ocrx_word' id='word_1_188' title='bbox 2345 3897 2548 3964; x_wconf 81' lang='lat' dir='ltr'><strong>defide-</strong></span> 
     </span>
     <span class='ocr_line' id='line_1_27' title="bbox 289 3976 629 4040; baseline -0.003 -14"><span class='ocrx_word' id='word_1_189' title='bbox 289 3976 418 4040; x_wconf 70' lang='lat' dir='ltr'><strong>juaes.</strong></span> <span class='ocrx_word' id='word_1_190' title='bbox 453 3976 629 4039; x_wconf 83' lang='lat'><strong>(46.1).</strong></span> 
     </span>
     <span class='ocr_line' id='line_1_28' title="bbox 442 4057 2101 4127; baseline 0.005 -22"><span class='ocrx_word' id='word_1_191' title='bbox 442 4057 483 4121; x_wconf 74' lang='grc'><strong>2)</strong></span> <span class='ocrx_word' id='word_1_192' title='bbox 553 4059 670 4108; x_wconf 85' lang='lat' dir='ltr'><strong>Vide</strong></span> <span class='ocrx_word' id='word_1_193' title='bbox 706 4060 862 4125; x_wconf 83' lang='lat' dir='ltr'><strong>Caput</strong></span> <span class='ocrx_word' id='word_1_194' title='bbox 899 4061 962 4110; x_wconf 86' lang='lat'><strong>26</strong></span> <span class='ocrx_word' id='word_1_195' title='bbox 997 4060 1113 4126; x_wconf 61' lang='lat' dir='ltr'><strong>lepis</strong></span> <span class='ocrx_word' id='word_1_196' title='bbox 1147 4061 1272 4125; x_wconf 81' lang='lat' dir='ltr'><strong>Salp.</strong></span> <span class='ocrx_word' id='word_1_197' title='bbox 1309 4063 1357 4111; x_wconf 87' lang='lat' dir='ltr'><strong>et</strong></span> <span class='ocrx_word' id='word_1_198' title='bbox 1393 4061 1510 4127; x_wconf 85' lang='lat' dir='ltr'><strong>Cap.</strong></span> <span class='ocrx_word' id='word_1_199' title='bbox 1550 4063 1611 4112; x_wconf 87' lang='grc'><strong>58</strong></span> <span class='ocrx_word' id='word_1_200' title='bbox 1649 4064 1696 4112; x_wconf 87' lang='lat' dir='ltr'><strong>et</strong></span> <span class='ocrx_word' id='word_1_201' title='bbox 1732 4062 1793 4112; x_wconf 82' lang='lat'><strong>61</strong></span> <span class='ocrx_word' id='word_1_202' title='bbox 1830 4062 1944 4127; x_wconf 74' lang='lat' dir='ltr'><strong>leqis</strong></span> <span class='ocrx_word' id='word_1_203' title='bbox 1979 4064 2101 4114; x_wconf 79' lang='lat' dir='ltr'><strong>Mal.</strong></span> 
     </span>
     <span class='ocr_line' id='line_1_29' title="bbox 324 4144 2555 4294; baseline 0.006 -103"><span class='ocrx_word' id='word_1_204' title='bbox 324 4227 389 4282; x_wconf 66' lang='lat'><strong>27</strong></span> <span class='ocrx_word' id='word_1_205' title='bbox 413 4145 480 4294; x_wconf 56' lang='lat'><strong>83)</strong></span> <span class='ocrx_word' id='word_1_206' title='bbox 552 4144 670 4194; x_wconf 87' lang='lat' dir='ltr'><strong>Vide</strong></span> <span class='ocrx_word' id='word_1_207' title='bbox 706 4144 859 4208; x_wconf 89' lang='lat' dir='ltr'><strong>legem</strong></span> <span class='ocrx_word' id='word_1_208' title='bbox 895 4147 926 4196; x_wconf 67' lang='grc' dir='ltr'><strong>Β</strong></span> <span class='ocrx_word' id='word_1_209' title='bbox 963 4149 986 4208; x_wconf 81' lang='lat'>5</span> <span class='ocrx_word' id='word_1_210' title='bbox 1025 4149 1070 4198; x_wconf 89' lang='grc'><strong>5.</strong></span> <span class='ocrx_word' id='word_1_211' title='bbox 1107 4146 1168 4198; x_wconf 90' lang='lat' dir='ltr'><strong>D.</strong></span> <span class='ocrx_word' id='word_1_212' title='bbox 1204 4147 1273 4196; x_wconf 87' lang='lat' dir='ltr'><strong>ad</strong></span> <span class='ocrx_word' id='word_1_213' title='bbox 1303 4164 1431 4198; x_wconf 81' lang='lat' dir='ltr'><strong>mun.</strong></span> <span class='ocrx_word' id='word_1_214' title='bbox 1467 4149 1642 4211; x_wconf 84' lang='grc'><strong>(50.1).</strong></span> <span class='ocrx_word' id='word_1_215' title='bbox 1681 4150 1729 4198; x_wconf 87' lang='lat' dir='ltr'><strong>et</strong></span> <span class='ocrx_word' id='word_1_216' title='bbox 1763 4146 1855 4212; x_wconf 81' lang='lat' dir='ltr'><strong>leg.</strong></span> <span class='ocrx_word' id='word_1_217' title='bbox 1894 4148 1917 4198; x_wconf 96' lang='lat'>1</span> <span class='ocrx_word' id='word_1_218' title='bbox 1958 4165 2036 4214; x_wconf 87' lang='lat' dir='ltr'><strong>pr.</strong></span> <span class='ocrx_word' id='word_1_219' title='bbox 2072 4151 2132 4202; x_wconf 89' lang='lat' dir='ltr'><strong>D.</strong></span> <span class='ocrx_word' id='word_1_220' title='bbox 2167 4150 2227 4200; x_wconf 79' lang='lat' dir='ltr'><strong>de</strong></span> <span class='ocrx_word' id='word_1_221' title='bbox 2258 4167 2378 4217; x_wconf 68' lang='lat' dir='ltr'><strong>may.</strong></span> <span class='ocrx_word' id='word_1_222' title='bbox 2420 4167 2555 4204; x_wconf 79' lang='lat' dir='ltr'><strong>conv.</strong></span> 
     </span>
     <span class='ocr_line' id='line_1_30' title="bbox 299 4232 1652 4380; baseline 0.006 -19"><span class='ocrx_word' id='word_1_223' title='bbox 299 4232 318 4292; x_wconf 75' lang='grc'><strong>(</strong></span> <span class='ocrx_word' id='word_1_224' title='bbox 438 4313 479 4374; x_wconf 75' lang='grc'><strong>4)</strong></span> <span class='ocrx_word' id='word_1_225' title='bbox 547 4313 668 4363; x_wconf 86' lang='lat' dir='ltr'><strong>Vide</strong></span> <span class='ocrx_word' id='word_1_226' title='bbox 703 4312 795 4378; x_wconf 80' lang='lat' dir='ltr'><strong>leg.</strong></span> <span class='ocrx_word' id='word_1_227' title='bbox 831 4313 894 4366; x_wconf 82' lang='lat'><strong>17</strong></span> <span class='ocrx_word' id='word_1_228' title='bbox 930 4317 955 4377; x_wconf 98' lang='lat'>5</span> <span class='ocrx_word' id='word_1_229' title='bbox 995 4316 1079 4376; x_wconf 83' lang='lat'><strong>14,</strong></span> <span class='ocrx_word' id='word_1_230' title='bbox 1121 4318 1181 4366; x_wconf 90' lang='lat' dir='ltr'><strong>D.</strong></span> <span class='ocrx_word' id='word_1_231' title='bbox 1217 4317 1286 4367; x_wconf 82' lang='lat' dir='ltr'><strong>ad</strong></span> <span class='ocrx_word' id='word_1_232' title='bbox 1316 4335 1455 4371; x_wconf 80' lang='lat' dir='ltr'><strong>mun.</strong></span> <span class='ocrx_word' id='word_1_233' title='bbox 1480 4319 1652 4380; x_wconf 87' lang='grc'><strong>(50.1).</strong></span> 
     </span>
    </p>
   </div>
   <div class='ocr_carea' id='block_1_5' title="bbox 301 4397 2543 4550">
    <p class='ocr_par' dir='ltr' id='par_1_9' title="bbox 301 4397 2543 4550">
     <span class='ocr_line' id='line_1_31' title="bbox 438 4397 2543 4470; baseline 0.005 -24"><span class='ocrx_word' id='word_1_234' title='bbox 438 4397 478 4460; x_wconf 73' lang='lat'><strong>⁸)</strong></span> <span class='ocrx_word' id='word_1_235' title='bbox 547 4397 669 4448; x_wconf 83' lang='lat' dir='ltr'><strong>Vide</strong></span> <span class='ocrx_word' id='word_1_236' title='bbox 703 4398 795 4465; x_wconf 81' lang='lat' dir='ltr'><strong>leg.</strong></span> <span class='ocrx_word' id='word_1_237' title='bbox 833 4401 863 4449; x_wconf 80' lang='lat'>2</span> <span class='ocrx_word' id='word_1_238' title='bbox 903 4400 1018 4451; x_wconf 91' lang='lat' dir='ltr'><strong>Cod.</strong></span> <span class='ocrx_word' id='word_1_239' title='bbox 1054 4402 1114 4450; x_wconf 80' lang='lat' dir='ltr'><strong>de</strong></span> <span class='ocrx_word' id='word_1_240' title='bbox 1145 4401 1290 4462; x_wconf 75' lang='lat' dir='ltr'><strong>perio.</strong></span> <span class='ocrx_word' id='word_1_241' title='bbox 1324 4418 1448 4452; x_wconf 83' lang='lat' dir='ltr'><strong>nom.</strong></span> <span class='ocrx_word' id='word_1_242' title='bbox 1486 4404 1692 4468; x_wconf 83' lang='grc'><strong>(11.33).</strong></span> <span class='ocrx_word' id='word_1_243' title='bbox 1731 4403 1979 4470; x_wconf 75' lang='lat' dir='ltr'><strong>Quatenus</strong></span> <span class='ocrx_word' id='word_1_244' title='bbox 2015 4403 2280 4470; x_wconf 84' lang='lat' dir='ltr'><strong>obligetur,</strong></span> <span class='ocrx_word' id='word_1_245' title='bbox 2306 4405 2446 4456; x_wconf 89' lang='lat' dir='ltr'><strong>docet</strong></span> <span class='ocrx_word' id='word_1_246' title='bbox 2468 4405 2543 4456; x_wconf 88' lang='lat' dir='ltr'><strong>lex</strong></span> 
     </span>
     <span class='ocr_line' id='line_1_32' title="bbox 301 4483 1182 4550; baseline 0.001 -13"><span class='ocrx_word' id='word_1_247' title='bbox 301 4487 334 4537; x_wconf 80' lang='lat'><strong>2</strong></span> <span class='ocrx_word' id='word_1_248' title='bbox 370 4486 395 4546; x_wconf 96' lang='lat'>5</span> <span class='ocrx_word' id='word_1_249' title='bbox 431 4483 480 4536; x_wconf 84' lang='lat'><strong>7.</strong></span> <span class='ocrx_word' id='word_1_250' title='bbox 515 4483 580 4535; x_wconf 90' lang='lat' dir='ltr'><strong>D.</strong></span> <span class='ocrx_word' id='word_1_251' title='bbox 612 4485 674 4533; x_wconf 85' lang='lat' dir='ltr'><strong>de</strong></span> <span class='ocrx_word' id='word_1_252' title='bbox 706 4485 831 4536; x_wconf 84' lang='lat' dir='ltr'><strong>adm.</strong></span> <span class='ocrx_word' id='word_1_253' title='bbox 866 4500 974 4537; x_wconf 82' lang='lat' dir='ltr'><strong>rer.</strong></span> <span class='ocrx_word' id='word_1_254' title='bbox 1010 4486 1182 4550; x_wconf 83' lang='grc'><strong>(50.8).</strong></span> 
     </span>
    </p>
   </div>
  </div>
 </body>
</html>
