3027 5263
1620 566 1746 626 122

553 768 766 831 bonore
812 762 986 851 affici
1023 759 1507 844 pronuntiaverit
1555 756 1661 821 ut’'
1726 761 1840 821 cet.
1942 756 2169 821 Nonne
2217 755 2335 821 hoc
2381 756 2515 823 loco
2564 760 2812 846 respici·

551 898 655 956 tur
701 892 778 956 ad
842 890 1351 957 renuntiationem
1416 909 1529 973 pro
1586 883 1844 970 singulis
1910 883 2197 949 centuriis
2260 906 2295 947 a
2352 906 2658 970 praecone
2732 889 2813 953 fa-

553 1019 758 1084 ctam?
797 1020 861 1105 ¹).
927 1019 1104 1084 Idem
1153 1022 1400 1104 apparet
1449 1038 1524 1079 ex
1570 1013 1835 1079 formula
1883 1035 2005 1097 qua
2053 1012 2340 1077 utebatur
2370 1015 2771 1099 magistratus
2785 1064 2805 1095 ,

553 1149 663 1234 qui
709 1149 936 1213 Romae
984 1147 1230 1212 comitia
1279 1142 1580 1219 habebat3
1632 1142 1781 1206 dum
1824 1140 2001 1226 jubet
2042 1163 2401 1226 praeconem
2432 1165 2593 1227 quos
2630 1166 2811 1229 quae·

551 1299 670 1362 que
743 1275 1016 1342 centuria
1085 1274 1323 1339 fecisset
1393 1270 1789 1357 pronuntiare
1812 1317 1829 1347 ,
1905 1267 2251 1348 ‚,Praeco‚''
2325 1269 2453 1348 ait,
2530 1271 2690 1349 „dic
2738 1272 2810 1337 de

550 1404 809 1468 Aniensi
853 1400 1241 1489 juniorum”;
1295 1405 1435 1485 post
1484 1400 1632 1462 haec
1686 1418 1905 1483 praeco
1957 1394 2323 1481 respondet:
2425 1397 2619 1475 „Olla
2671 1423 2805 1465 cen·

551 1530 711 1595 turia
745 1530 1020 1595 consules
1053 1528 1204 1593 dicit
1238 1528 1317 1607 Q.
1353 1525 1613 1590 Fabium
1648 1524 1831 1588 Publ.
1868 1521 2193 1589 Decium.”
2240 1523 2505 1606 Revera,
2552 1528 2804 1611 opinor,

550 1659 698 1723 haec
745 1664 835 1723 est
879 1656 1254 1722 renuntiatio
1304 1677 1413 1739 pro
1465 1653 1736 1717 centuria
1759 1652 1840 1736 ¹²).

736 1784 942 1848 Etiam
988 1783 1055 1845 in
1117 1780 1386 1845 comitiis
1435 1779 1684 1843 tributis
1731 1784 1961 1842 veteres
2012 1776 2232 1841 docent
2280 1779 2805 1847 renuntiationem

547 1932 660 1996 pro
705 1909 872 1974 tribu
936 1930 1053 1972 usu
1117 1906 1382 1982 venisse3
1447 1905 1535 1967 ita
1598 1905 1763 1969 enim
1824 1923 2030 1968 vanno
2083 1904 2357 1989 loquitur
2391 1904 2479 1990 ³):
2584 1909 2802 1987 „Latis

545 2036 775 2102 tabulis
825 2036 1065 2101 sortitio
1113 2036 1182 2098 fit
1229 2032 1501 2099 tribuum
1550 2055 1619 2095 ac
1670 2032 1869 2117 coepti
1916 2038 2061 2097 sunt
2106 2054 2143 2097 a
2184 2056 2481 2118 praecone
2527 2039 2804 2101 renunti-

547 2166 637 2230 ari
698 2187 862 2249 quem
922 2184 1175 2248 quaeque
1242 2163 1431 2225 tribue
1457 2162 1749 2246 fecerant
1808 2159 2117 2223 aedilem?
2213 2160 2441 2227 Nonne
2499 2163 2624 2229 hoc
2673 2166 2800 2231 loco

545 2293 766 2358 iisdem
815 2292 938 2357 fere
987 2290 1180 2357 verbis
1229 2312 1298 2353 ac
1346 2290 1412 2352 in
1461 2288 1599 2374 lege
1646 2286 2015 2352 Malacitana
2061 2289 2435 2354 renuntiatio
2487 2314 2601 2378 pro
2636 2293 2797 2359 tribu

547 2419 972 2506 significatur?
1065 2420 1294 2483 Nonne
1341 2417 1418 2481 ad
1468 2416 1722 2481 eandem
1772 2421 2004 2502 spectat
2054 2438 2296 2501 quoque
2346 2438 2653 2500 GELLIUS,
2688 2422 2797 2485 ubi
2976 2382 2979 2595 ι

547 2549 696 2614 dicit
729 2549 812 2633 4):
867 2549 1060 2627 „Eum
1103 2568 1214 2628 pro
1268 2546 1426 2611 tribu
1475 2546 1723 2609 aedilem
1772 2545 2027 2609 curulem
2076 2546 2628 2611 renuntiaverunt?
2660 2549 2738 2634 5).

736 2677 910 2757 Quae
958 2697 1096 2739 cum
1145 2675 1231 2739 ita
1277 2676 1434 2754 sint,
1488 2673 1750 2738 dubium
1800 2695 1929 2737 esse
1962 2673 2209 2757 nequit,
2265 2674 2414 2758 quin
2461 2675 2703 2742 Bomae
2734 2682 2791 2742 et

545 2803 920 2868 renuntiatio
971 2825 1080 2889 pro
1131 2803 1403 2867 centuria
1451 2808 1512 2866 et
1560 2823 1671 2887 pro
1720 2801 1887 2864 tribu
1933 2801 1999 2864 in
2050 2823 2213 2865 more
2260 2802 2463 2867 fuerit.
2974 2807 2976 2876 i

733 2931 986 2995 Prorsus
1032 2936 1234 2995 tamen
1284 2928 1598 2994 differebat
1644 2929 1793 2992 haec
1833 2928 2208 2992 renuntiatio
2240 2951 2275 2992 a
2311 2951 2611 3014 praecone
2643 2933 2794 2996 facta

545 3058 622 3124 ab
671 3058 815 3139 illa,
869 3081 1024 3143 quae
1071 3057 1256 3122 fiebat
1303 3055 1379 3120 ab
1427 3057 1559 3143 ipso
1611 3056 2000 3141 magistratu3
2055 3055 2203 3120 haec
2252 3057 2475 3121 creatio
2509 3066 2794 3137 vocatur,

548 3207 737 3271 quum
789 3187 898 3270 qui
945 3186 1192 3251 comitia
1239 3185 1421 3250 habet
1461 3185 1726 3269 aliquem
1776 3184 2194 3269 magistratum
2223 3186 2471 3270 factum
2514 3195 2796 3254 creatum-

540 3301 654 3398 qaeie
699 3313 1006 3377 renuntiat
1053 3337 1090 3376 a
1127 3315 1352 3394 populo
1400 3315 1667 3377 Romano
1700 3313 1775 3398 6).

733 3441 951 3525 Itaque
1047 3441 1408 3506 contendere
1485 3441 1669 3506 liceat
1758 3462 1974 3505 novam
2054 3462 2180 3504 non
2278 3463 2402 3506 esse
2490 3445 2796 3528 geminam

540 3569 710 3634 illam
797 3569 1313 3635 renuntiationem
1400 3593 1557 3655 quae
1620 3570 1688 3634 in
1750 3569 1883 3654 lege
1948 3568 2315 3634 Malacitana
2388 3579 2794 3649 memoratum

690 3807 723 3867 1)
796 3806 918 3855 Vide
954 3819 1118 3854 crona.
1154 3807 1213 3854 de
1253 3805 1454 3856 Oratore
1489 3807 1547 3864 2,
1602 3806 1718 3871 Cap.
1768 3806 1832 3854 64
1868 3809 1916 3855 et
1954 3805 2015 3854 ad
2049 3807 2178 3855 hunc
2213 3806 2373 3856 locum
2408 3810 2575 3857 notam
2612 3810 2666 3858 in
2702 3809 2796 3858 edi-

543 3891 674 3938 tione
709 3891 798 3938 viri
834 3907 963 3940 cons.
1003 3905 1046 3940 c,
1083 3905 1140 3940 w.
1178 3905 1383 3940 Prnnm‘r
1419 3907 1539 3955 quae
1575 3890 1758 3955 prodiit
1790 3892 1980 3956 Lipsiae
2018 3893 2149 3940 1859
2171 3907 2219 3956 p.
2240 3891 2370 3950 322,
2408 3895 2497 3942 not
2535 3895 2565 3942 3
2586 3914 2601 3953 ;
2638 3896 2702 3945 cf.
2728 3907 2796 3943 01·
2970 3899 2972 3906 '

545 3988 786 4024 cenorum
821 3977 879 4023 de
913 3978 1015 4040 leqe
1047 3992 1196 4040 ayt-ar
1233 3977 1291 4035 2,
1329 3978 1377 4026 2.

684 4059 726 4122 ²)
796 4059 917 4108 Vide
957 4074 1500 4123 Bizonen-namnum
1534 4061 1583 4109 in
1622 4061 1714 4126 Op.
1750 4063 1783 4111 I.
1822 4061 1918 4110 23.
1956 4077 2003 4126 p.
2044 4063 2158 4111 110.
2220 4049 2226 4056 ’

683 4145 720 4206 ³)
793 4145 862 4194 De
897 4146 967 4194 Re
1004 4147 1140 4196 Rust.
1179 4147 1238 4204 3,
1279 4145 1408 4198 17.1.

677 4228 718 4288 4)
789 4229 932 4280 Noet.
969 4230 1069 4281 Att.
1109 4233 1166 4290 6,
1204 4231 1324 4296 Gap.
1362 4232 1414 4281 9.

681 4315 720 4376 ⁵)
791 4315 924 4364 Idem
959 4331 1145 4380 quoque
1181 4319 1383 4366 testatur
1421 4329 1591 4366 mvms
1625 4315 1728 4366 Lib.
1767 4316 1813 4365 9.
1852 4316 1973 4382 Cap.
2011 4317 2076 4366 46
2112 4316 2163 4364 in
2200 4316 2383 4368 verbisa
2425 4318 2583 4378 „Cum
2602 4337 2795 4387 appare·

535 4404 617 4452 ,ret
651 4399 906 4457 aedilibus,
946 4401 1142 4465 fierique
1177 4418 1227 4452 se
1262 4418 1350 4468 pro
1387 4402 1519 4451 tribu
1557 4402 1759 4451 aedilem
1796 4401 2029 4452 videret.’'
2968 4411 2970 4420 '

681 4485 720 4547 6)
795 4485 914 4536 Vide
947 4499 1134 4536 mvnm
1175 4486 1280 4537 Lib.
1323 4486 1352 4539 '7
1391 4487 1504 4552 Cap.
1544 4488 1626 4539 26.
1663 4500 1828 4538 ctcnn.
1860 4503 1950 4551 pro
1987 4488 2208 4540 Murena.
2249 4489 2351 4539 1.l.
