3027 5263
1349 585 1481 646 229

287 801 469 843 causa
534 778 775 864 cognita
842 777 1230 862 magistratus
1300 777 1622 842 formulam
1697 779 2184 864 pronunciabatt
2286 780 2428 858 „Do
2487 787 2545 844 te

288 903 593 976 tutorem’'
636 905 707 988 ¹).

474 1033 693 1116 Itaque
742 1037 1039 1116 quantum
1091 1053 1197 1114 per
1244 1030 1439 1117 legem
1490 1031 1922 1117 Salpensanam
1970 1032 2151 1114 licet,
2206 1035 2281 1100 de
2329 1035 2406 1098 iis
2435 1037 2540 1121 qui

283 1161 509 1225 Latino
548 1160 685 1245 jure
732 1165 877 1223 sunt
926 1159 1021 1222 sui
1065 1158 1219 1241 juris
1270 1157 1366 1220 vel
1416 1158 1600 1222 alieni
1641 1160 1794 1244 juris
1844 1161 2023 1239 satis,
2075 1170 2269 1248 puto,
2313 1163 2544 1226 dictum

290 1296 414 1366 est,
466 1294 527 1351 et
576 1287 721 1351 haec
754 1286 999 1371 quidem
1050 1285 1127 1350 ad
1176 1285 1357 1349 finem
1411 1285 1596 1350 huius
1647 1286 2086 1372 disputationis
2137 1312 2288 1374 quae
2316 1290 2390 1353 de
2411 1291 2544 1375 jure

286 1414 523 1500 privato
588 1435 979 1499 personarum
1045 1413 1171 1497 agit
1228 1413 1438 1498 procul
1507 1413 1697 1478 dubio
1771 1415 2134 1479 contendere
2183 1439 2542 1502 possumus:

287 1542 580 1606 Instituta
622 1541 779 1626 juris
828 1539 1037 1604 Lat-ini
1088 1562 1242 1625 quae
1292 1540 1368 1604 ad
1417 1541 1518 1626 jus
1574 1541 1877 1627 privatum
1911 1565 2313 1628 personarum
2355 1545 2546 1629 'perti-

286 1675 503 1734 nerent
548 1666 767 1732 similia
808 1689 1017 1732 eorum
1066 1666 1254 1730 fuisse
1303 1689 1457 1752 quae
1491 1667 1555 1729 in
1585 1667 1718 1751 jure
1753 1668 2030 1732 Romano
2067 1669 2363 1756 vigerent.

1206 2230 1487 2296 CAPUT
1537 2232 1627 2296 II.

1006 2485 1137 2534 DE
1208 2484 1832 2538 ACTIONIBUS.

476 2744 687 2808 Brevis
753 2764 879 2807 esse
938 2742 1161 2827 poterit
1227 2740 1580 2827 disquisitio
1648 2742 1723 2806 de
1771 2743 1887 2806 hoc
1952 2751 2348 2828 argumentO,
2401 2765 2540 2808 cum

284 2879 755 2958 quantacunque
803 2868 925 2933 sint
974 2890 1191 2952 genera
1256 2864 1602 2945 actionum,
1677 2891 1869 2932 unum
1920 2875 2158 2934 tantum
2225 2892 2300 2933 ex
2347 2870 2422 2934 iis
2475 2872 2540 2934 in

284 2998 421 3084 lege
470 2996 835 3083 Salpensana
884 3001 945 3059 et
994 2994 1359 3060 Malacitana
1408 3002 1802 3059 memoratur.

472 3122 919 3189 Tantummodo
969 3124 1128 3187 enim
1165 3122 1247 3187 ibi
1287 3129 1648 3187 memoratur
1681 3123 1839 3186 actio
1872 3122 2182 3208 popularis
2215 3124 2340 3188 sive
2373 3124 2535 3189 actio

283 3275 469 3339 quam
520 3252 712 3316 cuivis
778 3250 853 3314 de
912 3250 1139 3336 populo
1189 3250 1505 3314 instituere
1555 3250 1794 3314 licebat.
1896 3251 2158 3316 Tantum
2208 3252 2371 3315 illam
2421 3274 2536 3317 usu

283 3380 520 3444 venisse
569 3400 761 3464 quum
802 3377 942 3462 jura
991 3377 1316 3462 municipii
1366 3376 1732 3441 vindicanda
1780 3386 2016 3455 essent,
2059 3400 2150 3444 res
2178 3377 2309 3463 ipsa
2337 3378 2531 3443 docet.

476 3507 609 3571 Hoc
658 3526 899 3590 quoque
946 3504 1259 3589 perspicue
1308 3513 1557 3591 apparet
1607 3527 1680 3569 ex
1730 3505 1980 3569 diversis
2031 3506 2302 3591 quinque
2337 3506 2535 3570 causis

282 3656 443 3720 quae
512 3656 580 3696 ex
649 3630 889 3716 legibus
954 3632 1177 3695 nostris
1226 3654 1429 3696 ansam
1481 3632 1630 3696 dant
1679 3634 1904 3697 actioni
1957 3633 2234 3719 populari
2286 3632 2533 3697 institu-

278 3761 507 3837 cudae,
562 3782 710 3845 quas
758 3758 1027 3845 singulas
1078 3779 1383 3823 MOMMSEN
1432 3767 1710 3823 accurate
1760 3762 2060 3824 recensuit
2095 3760 2165 3845 2).

471 3887 648 3951 Actio
698 3886 1010 3972 popularis
1062 3892 1297 3950 tantum
1348 3888 1636 3972 competit
1685 3888 1782 3951 cui
1831 3888 1976 3952 licet
2011 3911 2111 3973 per
2146 3888 2304 3951 hanc
2335 3888 2526 3973 legem

275 4039 415 4082 eam
462 4016 797 4079 instituere.
894 4014 1239 4079 Verisimile
1290 4022 1380 4080 est
1431 4016 1671 4079 eosdem
1721 4015 2031 4101 prohiberi
2080 4016 2193 4079 hac
2240 4016 2371 4099 lege
2425 4015 2532 4100 qui

428 4410 461 4475 ¹)
533 4410 649 4459 Vide
684 4422 939 4469 aunon-r,
976 4409 1027 4459 iu
1068 4411 1157 4473 op.
1190 4410 1223 4459 Ζ.
1264 4410 1318 4470 1,
1357 4428 1405 4477 p.
1442 4412 1561 4461 438.

419 4496 460 4559 2)
532 4495 649 4545 Vide
684 4499 929 4545 auctorem
964 4496 1279 4555 Stadtrechte,
1322 4513 1370 4561 p.
1407 4498 1525 4547 461.
