3027 5263
1391 557 1474 616 59

309 771 429 814 sae.
529 748 642 813 Uti
709 747 890 833 vulgo
924 747 1032 832 qui
1079 745 1435 812 muneribus
1481 746 1983 834 fungebanturr),
2034 747 2567 813 constituebantur

310 879 381 942 in
453 875 792 961 municipio
839 874 1214 942 Malacitano
1287 873 1363 939 ab
1428 872 1681 940 Ordine.
1781 875 1978 940 Iurati
2042 875 2399 940 decuriones
2448 895 2557 960 per

309 1003 600 1070 tabellam
661 1003 736 1067 de
799 1003 914 1066 hac
961 1001 1254 1067 electione
1301 1000 1670 1079 decernunt,
1722 1023 1881 1087 quae
1926 1002 2147 1088 agendi
2210 1001 2366 1066 ratio
2417 1023 2558 1066 cum

311 1133 626 1198 cohaereat
651 1153 790 1195 cum
815 1129 998 1194 modo
1023 1137 1084 1195 et
1104 1130 1296 1194 forma
1321 1129 1699 1195 deliberandi
1726 1136 1787 1194 et
1812 1128 2179 1195 decernendi
2206 1129 2275 1193 in
2298 1128 2557 1205 Senatu,

310 1259 468 1324 infra
513 1257 623 1322 ubi
672 1257 746 1322 de
795 1256 1020 1320 ordinis
1069 1262 1374 1321 conventu
1423 1277 1621 1320 sermo
1670 1256 1787 1321 erit
1837 1257 1913 1321 de
1961 1279 2033 1320 ea
2081 1261 2417 1341 exponetur
2434 1254 2505 1339 ²).

497 1385 599 1448 Ad
645 1383 1056 1448 ministerium
1101 1383 1320 1446 horum
1371 1405 1587 1448 causae
1633 1391 2033 1468 patronorum
2064 1383 2375 1469 pertinent
2406 1401 2555 1466 quo·

307 1535 430 1598 que
475 1511 778 1577 nonnulla
819 1509 996 1574 verba
1042 1509 1276 1594 Capitis
1327 1513 1436 1574 68.
1458 1559 1477 1588 ,
1530 1517 1773 1575 cavetur
1819 1512 2021 1575 enim:
2071 1510 2247 1592 „Qui
2296 1509 2383 1574 ita
2413 1509 2559 1573 lecti

301 1645 523 1718 erunt,
571 1645 811 1724 tempus
859 1660 896 1701 a
943 1636 1368 1701 decurionibus
1417 1637 1849 1722 conseriptisve
1867 1685 1887 1715 ,
1952 1659 2075 1722 quo
2124 1659 2371 1702 causam
2420 1657 2558 1721 cog-

301 1771 564 1833 noscant
611 1767 1029 1850 actionemque
1077 1787 1248 1828 suam
1299 1764 1618 1843 ordinent,
1668 1764 2019 1850 postulante
2062 1787 2254 1858 eoque
2285 1770 2557 1849 tempore

304 1894 473 1980 quod
520 1893 594 1957 iis
643 1892 856 1956 datum
903 1892 1020 1956 erit
1067 1897 1372 1956 transacto
1421 1913 1553 1956 eam
1600 1913 1846 1956 causam
1891 1892 1988 1955 uti
2034 1891 2200 1977 quod
2238 1897 2401 1956 recte
2434 1890 2555 1956 fac·

301 2029 442 2094 tum
513 2042 642 2084 esse
714 2018 930 2103 volet3)
1007 2019 1298 2104 agunt0.'’
1397 2017 1717 2100 Quaenam
1789 2041 1969 2083 causa
2014 2020 2090 2083 iis
2138 2016 2553 2105 cognoscenda

300 2148 488 2213 fuerit
533 2145 856 2223 mandata,
903 2151 1038 2208 tum
1086 2167 1160 2210 ex
1209 2145 1390 2210 initio
1439 2147 1625 2210 huius
1650 2145 1917 2232 Capitis,
1944 2145 2053 2210 ubi
2085 2145 2231 2232 eligi
2258 2145 2553 2210 dicuntur

305 2298 498 2356 „cum
543 2275 632 2338 ita
677 2272 946 2338 rationes
988 2269 1399 2352 reddentur,’'
1449 2279 1585 2337 tum
1633 2295 1709 2338 ex
1756 2273 1971 2360 Capite
2008 2273 2091 2337 67
2114 2324 2134 2354 ,
2164 2294 2435 2358 quocum
2458 2294 2555 2338 co-

303 2405 515 2468 haeret
558 2401 760 2487 Oaput
793 2407 1098 2477 nostrum,
1150 2407 1418 2485 apparet.
1468 2400 1627 2464 Inde
1652 2401 1814 2466 enim
1847 2401 2127 2466 certiores
2158 2401 2305 2466 facti
2338 2421 2551 2466 sumus

303 2532 380 2594 iis
406 2530 513 2614 qui
537 2529 852 2614 negotium
874 2527 1192 2614 publicum
1215 2527 1539 2613 gessissent
1564 2529 1830 2594 rationes
1860 2529 2201 2595 reddendas
2222 2528 2409 2594 fuisse
2422 2555 2442 2607 3
2472 2527 2553 2593 ad

304 2682 404 2725 eas
452 2657 778 2745 exigendas
827 2656 998 2721 Ordo
1048 2678 1490 2743 nonnunquam
1528 2663 1817 2743 patronos
1860 2681 2073 2724 causae
2098 2656 2548 2735 constituebat,

307 2809 481 2873 quoS,
510 2808 692 2851 causa
717 2785 976 2871 cognita,
1004 2785 1454 2849 communicare
1477 2784 1798 2869 oportebat
1822 2809 1965 2852 cum
1981 2788 2151 2853 curia
2166 2786 2319 2871 quid
2340 2786 2416 2850 de
2441 2784 2549 2849 illa

299 2937 364 2979 re
415 2913 728 2979 sentirent.
781 2912 848 2977 Si
895 2912 1032 2997 quis
1081 2912 1238 2976 male
1285 2912 1601 2997 negotium
1624 2912 1939 2997 publicum
1965 2914 2281 3000 gessisset,
2314 2937 2389 2979 ex
2412 2913 2547 2999 lege

299 3040 704 3120 Malacitana,
743 3041 834 3104 uti
885 3039 1070 3126 paulo
1113 3045 1255 3125 post
1305 3038 1680 3119 videbimus,
1734 3040 1792 3105 ei
1840 3063 2039 3127 poena
2069 3041 2264 3126 infligi
2287 3046 2545 3126 poterat.

296 3167 482 3232 Hisce
511 3166 802 3253 peractis,
854 3167 1096 3252 patroni
1144 3189 1394 3231 munere
1417 3166 1705 3249 abibant,
1744 3168 1909 3253 quod.
1941 3168 2121 3254 plane
2146 3166 2547 3253 consequitur

295 3318 372 3361 ex
404 3318 612 3359 eorum
641 3294 967 3373 mandato,
1002 3317 1140 3360 cum
1166 3296 1244 3360 ad
1271 3317 1455 3360 unam
1481 3295 1641 3361 hanc
1663 3318 1906 3392 causam
1934 3302 2139 3362 essent
2166 3295 2364 3361 electi.
2414 3296 2539 3361 Ne·

294 3446 416 3509 que
465 3431 668 3487 tamen
709 3424 826 3489 hoc
873 3422 1028 3488 ferre
1076 3425 1282 3509 potuit
1330 3444 1735 3503 LABoULnn,
1788 3427 1895 3511 qui
1944 3427 2037 3491 ita
2080 3425 2154 3491 de
2202 3426 2319 3491 hac
2363 3446 2541 3489 causa

291 3551 426 3636 agit
443 3550 533 3636 4):
609 3551 752 3629 „En
827 3552 966 3615 effet
1037 3574 1117 3615 on
1187 3553 1313 3617 voit
1385 3552 1463 3617 de
1509 3552 1710 3618 bonne
1782 3554 1968 3618 heure
2042 3552 2260 3617 l’effort
2336 3552 2411 3615 de
2482 3552 2541 3615 la

288 3678 743 3744 centralisation
813 3676 1125 3765 imperiale
1197 3686 1257 3744 et
1319 3678 1715 3746 l’institution
1780 3679 1885 3746 des
1932 3689 2237 3745 curatores
2284 3675 2539 3743 enervet

433 3873 470 3934 ¹)
542 3872 651 3923 Vid.
704 3872 797 3937 leg.
851 3874 880 3921 3
917 3876 966 3921 et
1007 3874 1036 3921 6
1073 3876 1094 3934 §
1137 3875 1190 3933 1,
1231 3875 1274 3924 D
1310 3876 1437 3939 quod
1469 3875 1647 3925 cuium.
1684 3876 1807 3925 univ.
1843 3875 1967 3937 (3.4)
2004 3874 2067 3924 cf.
2102 3874 2195 3939 leg.
2232 3874 2283 3933 2,
2324 3872 2443 3925 Cod.
2476 3873 2537 3921 de

287 3960 376 4009 dec
409 3961 456 4006 et
473 3958 554 4021 fil.
591 3958 800 4019 (10.31).
2361 3984 2368 3988 ·

427 4043 466 4102 2)
539 4042 648 4090 vid.
685 4043 815 4091 Dias.
850 4058 898 4107 p.
937 4043 1027 4101 69,
1063 4059 1166 4107 sqq.

428 4126 468 4188 3)
539 4126 875 4186 Lamnum,
907 4128 958 4177 in
994 4128 1181 4193 Opere:
1224 4130 1293 4177 les
1332 4130 1488 4178 Tables
1526 4144 1573 4192 p.
1612 4129 1697 4179 49.
1735 4132 1834 4177 not.
1874 4130 1953 4179 63.
1991 4129 2147 4193 legere
2182 4128 2369 4178 mallet:
2414 4142 2531 4187 „vo-

283 4210 438 4259 lent”
493 4210 684 4259 Usitata
736 4214 894 4260 tamen
947 4218 1020 4261 est
1067 4213 1296 4273 formula,
1339 4216 1408 4262 uti
1447 4214 1498 4262 in
1534 4214 1637 4276 lege
1673 4214 1851 4279 scripta
1886 4218 1982 4273 est3
2018 4215 2182 4265 eadem
2219 4228 2429 4277 quoque,
2470 4228 2532 4261 ne

283 4296 444 4344 dicam
480 4294 538 4343 de
575 4295 740 4360 Capite
777 4297 841 4346 60
877 4298 1002 4363 legis·
1031 4297 1176 4355 Mal..
1214 4299 1262 4347 in
1299 4300 1402 4363 lege
1419 4298 1575 4349 Acilia
1596 4300 1715 4365 Cap.
1743 4300 1804 4348 19
1830 4303 1879 4349 et
1897 4298 2247 4361 24invenitur3
2268 4298 2363 4349 vid.
2388 4310 2534 4348 zum..

285 4382 397 4431 Dec.
434 4378 509 4429 11⁰.
548 4380 696 4431 1696.
767 4383 838 4431 ne
873 4382 1078 4433 formula
1101 4383 1185 4433 ina
1220 4385 1278 4434 cf.
1317 4398 1569 4435 monem
1610 4386 1705 4437 Cio.
1742 4386 1972 4437 Abannae.
2008 4386 2084 4447 11,
2122 4401 2173 4451 p.
2208 4373 2322 4437 25'6.

425 4464 466 4525 4)
537 4468 595 4515 In
631 4468 810 4533 Operez
849 4470 916 4518 les
954 4470 1138 4529 Tables,
1176 4488 1222 4535 p.
1260 4472 1352 4529 48,
1391 4475 1491 4521 not.
1533 4469 1613 4523 57.
