3027 5263
1616 557 1701 618 26

535 749 726 814 fuisse
795 755 866 814 ut
935 747 1115 814 fundi
1178 749 1394 814 fierent
1459 748 1525 810 in
1576 747 1850 833 quamvis
1900 746 2095 833 legem
2145 769 2180 811 a
2227 747 2461 833 populo
2505 748 2795 814 Romano

535 876 739 940 latam.
775 877 815 958 ¹)

721 1002 862 1070 Jarn
932 1003 1074 1069 satis
1145 1001 1310 1067 varia
1357 1025 1512 1089 quae
1561 1001 1739 1067 variis
1786 1001 2162 1086 temporibus
2210 1002 2513 1068 affuerunt
2562 1025 2796 1088 genera

537 1129 1014 1216 municipiorum
1087 1129 1386 1216 explicata
1461 1128 1777 1207 videntur;
1834 1127 2183 1193 addendum
2232 1135 2322 1193 est
2368 1136 2614 1215 postea,
2663 1131 2797 1215 jam

535 1257 652 1323 sub
703 1277 1016 1338 CAESARE,
1047 1259 1396 1345 praesertim
1445 1264 1651 1322 autem
1698 1256 1813 1320 sub
1862 1257 2083 1342 primis
2129 1257 2603 1343 Imperatoribus
2648 1259 2797 1342 jura

535 1385 1007 1470 municipiorum
1055 1385 1123 1451 in
1169 1384 1518 1471 provincias
1568 1383 1859 1448 translata
1907 1405 2056 1448 esse.

725 1512 1014 1598 Superest
1084 1520 1155 1578 ut
1225 1514 1292 1578 in
1365 1535 1435 1577 ea
1482 1533 1641 1597 quae
1689 1510 1873 1576 modo
1920 1516 2162 1575 tantum
2212 1509 2389 1595 attigi
2437 1513 2795 1577 accuratius

536 1637 986 1723 quodammodo
1057 1640 1397 1724 inquiram3
1475 1638 1749 1722 quaestio
1816 1636 1983 1702 enim
2030 1636 2137 1700 illa
2185 1638 2541 1722 gravissima
2588 1639 2797 1704 adhuc

535 1765 940 1850 relinquitur:
1010 1767 1235 1831 Utrum
1304 1764 1642 1849 municipia
1688 1764 1929 1850 legibus
1977 1765 2270 1829 Romanis
2320 1764 2614 1830 adstricta
2663 1765 2795 1831 fue-

536 1891 664 1955 rint
712 1891 951 1957 necne?
1030 1892 1247 1958 Statuo
1297 1892 1634 1977 municipia
1680 1900 1820 1979 post
1868 1893 2061 1978 legem
2111 1893 2347 1957 Juliam
2394 1894 2577 1959 simul
2652 1917 2795 1959 cum

539 2017 789 2084 civitate
855 2025 1098 2104 accepta
1171 2019 1349 2084 etiam
1425 2020 1586 2105 leges
1656 2019 1961 2084 Romanas
2034 2019 2251 2105 adepta
2302 2043 2425 2085 esse
2472 2043 2673 2105 neque
2722 2045 2795 2086 ea

537 2147 592 2210 si
663 2151 729 2211 in
800 2147 960 2234 leges
1039 2147 1218 2212 fundi
1280 2148 1412 2213 fieri
1489 2149 1725 2214 nollent
1790 2148 2098 2212 civitatem
2164 2155 2484 2213 consecuta
2548 2171 2677 2214 esse
2702 2150 2753 2235 2)
2773 2200 2791 2229 ,

538 2275 704 2360 quod
769 2275 847 2340 ad
897 2276 1230 2363 municipia
1280 2276 1500 2340 attinet
1549 2253 1704 2361 quae
1754 2275 2057 2342 civitatem
2108 2277 2236 2341 sine
2286 2275 2569 2362 suffragio
2611 2276 2795 2342 habe-

536 2401 690 2466 bant
736 2425 980 2487 prorsus
1027 2404 1185 2469 idem
1238 2403 1581 2468 obtinuisse
1628 2426 1757 2468 non
1811 2409 1998 2489 put03
2050 2404 2104 2467 si
2151 2404 2312 2468 enim
2346 2426 2577 2489 poenae
2609 2426 2793 2468 causa

539 2529 754 2593 civitas
801 2531 929 2594 eine
962 2529 1246 2616 suffragio
1297 2531 1540 2596 daretur
1586 2553 1783 2616 neque
1832 2531 1990 2596 hane
2037 2553 2233 2616 neque
2281 2531 2443 2616 leges
2474 2531 2787 2596 Romanas

538 2680 816 2724 recusare
863 2659 1137 2745 potuisse
1187 2680 1290 2723 eos
1339 2659 1447 2744 qui
1495 2660 1740 2724 civitate
1789 2658 2174 2724 donabantur
2205 2681 2418 2725 censeo
2440 2658 2487 2743 ³)
2507 2686 2527 2739 ;
2559 2660 2613 2723 si
2647 2681 2787 2724 con-

539 2791 636 2849 tra
682 2790 974 2871 tanquam
1008 2785 1370 2852 beneficium
1419 2786 1631 2851 civitas
1681 2785 1811 2849 sine
1860 2785 2144 2871 suffragio
2196 2785 2541 2862 offerretur,
2593 2808 2786 2871 quum

539 2912 905 2979 beneficium
949 2915 1145 2980 invito
1193 2937 1317 2981 non
1351 2915 1752 2993 obtrudatur,
1786 2934 2161 2998 consequens
2194 2918 2283 2976 est
2317 2918 2387 2976 ut
2420 2912 2619 2978 dicam
2651 2936 2781 2979 eam

686 3166 704 3201 ¹
772 3165 864 3215 vid
899 3169 1146 3215 auctorem
1181 3166 1231 3214 in
1272 3168 1446 3216 Comm.
1491 3166 1637 3215 Ueber
1673 3167 1762 3217 deu
1813 3165 2118 3214 Unterschied
2146 3166 2233 3213 der
2254 3164 2607 3229 Benennunqen
2624 3166 2786 3215 Muni-

535 3248 732 3313 cipium,
774 3252 991 3309 Colonia,
1029 3252 1345 3315 Praefectura
1381 3250 1446 3299 im
1481 3250 1764 3300 Rb‘misoken
1799 3248 2123 3299 Staatsrecht”
2159 3264 2281 3313 quac
2304 3251 2461 3298 exstat
2494 3248 2546 3298 in
2566 3249 2787 3300 Abkand·

537 3334 712 3399 lunqen
750 3336 838 3386 der
859 3336 1167 3400 Kiiniqlichen
1189 3336 1442 3385 Academie
1463 3336 1551 3385 der
1586 3336 1977 3398 Wissenschaften
1999 3352 2059 3384 zu
2084 3333 2272 3383 Berlin.
2301 3334 2414 3383 anni
2450 3334 2580 3384 1839
2604 3350 2652 3399 p.
2671 3335 2785 3386 112.

682 3419 722 3482 ²)
793 3420 865 3470 Cf.
917 3434 1212 3471 omanorum
1263 3421 1315 3469 in
1366 3420 1592 3471 Oratione
1625 3437 1712 3487 pro
1748 3434 1917 3470 nanno
1956 3421 2071 3484 Cap.
2110 3422 2138 3469 8
2175 3420 2197 3481 ς
2234 3420 2315 3468 21.
2351 3418 2402 3466 in
2438 3419 2615 3467 verbis:
2654 3420 2787 3485 „ipsa

541 3503 744 3569 denique
795 3504 900 3570 lege
949 3506 1111 3566 Julius,
1164 3521 1256 3570 qua
1308 3506 1410 3571 lege
1446 3507 1614 3556 civitas
1658 3509 1728 3556 eet
1764 3507 1903 3555 sociis
1940 3508 1989 3554 et
2021 3504 2203 3555 Latinis
2240 3504 2377 3561 data.
2416 3503 2497 3567 qui
2531 3504 2666 3553 fundi
2700 3521 2785 3569 po-

540 3590 644 3657 puli
680 3591 795 3640 facti
830 3606 928 3640 non
965 3595 1122 3640 essent
1157 3590 1400 3641 civitatem
1434 3606 1533 3640 non
1568 3590 1831 3641 haberent''
1868 3590 1931 3641 cf.
1968 3589 2111 3638 etiam
2146 3592 2167 3649 §
2206 3589 2291 3637 20.
2326 3588 2433 3637 Non
2460 3604 2623 3638 omnes
2647 3590 2785 3639 urbes

539 3675 784 3727 civitatem
836 3676 1074 3742 accepisse
1121 3679 1289 3726 notum
1330 3679 1428 3737 eet,
1465 3679 1605 3726 erant
1642 3692 1754 3725 sane
1791 3692 1909 3740 quae
1945 3674 2149 3723 foederis
2186 3674 2260 3724 sui
2295 3673 2568 3723 libertatem
2604 3676 2787 3725 civitati

540 3762 847 3812 anteferrent.
891 3790 952 3800 —
988 3761 1254 3811 Verisimile
1311 3762 1498 3812 videtur
1553 3765 1611 3812 ut
1646 3761 1703 3811 iis
1750 3777 1869 3825 quae
1904 3760 2151 3810 civitatem
2188 3760 2455 3808 Romanam
2491 3758 2785 3824 accipiebant

541 3844 670 3909 leges
721 3862 830 3897 suas
881 3847 1086 3897 retinere
1138 3847 1355 3900 licuerit,
1407 3847 1535 3911 quod
1589 3851 1883 3912 quantopere
1940 3845 2156 3909 sequitur
2202 3859 2259 3892 ex
2292 3858 2427 3893 more
2460 3842 2782 3895 Romanorum

540 3929 793 3995 praecipue
827 3935 1025 3996 apparet
1057 3947 1116 3982 ex
1150 3932 1383 3996 rescripto
1417 3944 1637 3982 'rmum
1670 3920 1978 3995 l'mperatoris
2014 3930 2141 3993 quod
2173 3943 2400 3986 rumne,
2430 3930 2535 3992 (Ep.
2560 3928 2627 3990 X,
2668 3930 2779 3991 114)

542 4013 681 4063 nobis
717 4016 926 4065 servavit
970 4014 1055 4063 ubi
1091 4016 1234 4065 dicit=
1284 4016 1377 4077 „Id
1412 4015 1541 4081 quod
1576 4030 1764 4080 semper
1799 4014 2093 4065 tutissimum
2128 4017 2199 4063 est
2234 4012 2526 4077 sequendum
2561 4014 2781 4079 cuiusque

544 4098 753 4149 civitatis
786 4100 943 4165 legem
979 4115 1077 4150 ease
1117 4100 1287 4165 put0.”

680 4185 876 4250 Saepius
910 4201 1024 4235 sane
1057 4185 1232 4250 placita
1267 4186 1424 4249 legum
1460 4184 1821 4249 municipalium
1854 4184 1905 4232 in
1931 4184 2140 4249 Digestis
2166 4186 2493 4232 memorantur
2524 4198 2571 4232 v.
2596 4199 2644 4247 g.
2665 4184 2698 4233 l.
2726 4186 2779 4246 3,

539 4270 568 4331 ᾗ
604 4270 636 4317 4
670 4269 715 4319 D
767 4272 892 4335 quod
923 4271 968 4319 vi
1000 4274 1085 4320 aut
1118 4271 1234 4320 clam
1271 4271 1459 4333 (4324)
1497 4269 1575 4333 leg
1612 4269 1672 4317 21
1712 4270 1733 4329 §
1769 4268 1799 4320 7
1835 4270 1875 4318 ff
1904 4269 1971 4318 ad
2003 4285 2113 4318 mun
2151 4268 2308 4330 (50.1)
2342 4266 2421 4331 leg
2461 4267 2611 4329 152,
2647 4269 2783 4331 351,

548 4356 611 4405 18
649 4357 672 4418 5
709 4354 772 4409 27
810 4356 870 4406 D.
907 4356 968 4405 de
999 4372 1125 4406 mun.
1160 4360 1207 4405 et
1239 4356 1346 4405 hon.
1380 4355 1555 4419 (50.4).

685 4441 730 4507 3)
798 4441 1005 4502 Lmus,
1045 4441 1148 4491 Lib.
1188 4443 1244 4499 9,
1285 4440 1403 4505 Cap.
1439 4441 1523 4493 45.
1558 4440 1771 4505 loquitur
1808 4441 1864 4489 de
1902 4439 2095 4489 civitate
2130 4454 2219 4503 pro
2256 4453 2407 4503 poena
2442 4440 2725 4489 necessaria.

2974 2407 2977 2600 t

2972 2750 2975 2907 1

2970 3040 2973 3212 Ι
