3027 5263
1327 594 1454 655 113

241 788 546 855 rationem
595 786 1017 873 suffragiorum
1087 787 1380 863 referunt,
1431 787 1595 870 quod
1644 788 1869 851 Romae
1900 788 1964 852 in
2002 790 2257 853 comitiis
2294 796 2501 855 centu-

241 919 419 982 riatis
469 924 776 1003 rogatores
827 916 1237 981 centuriarum
1283 916 1478 979 facere
1530 915 1803 980 solebant
1838 917 1904 1000 ¹).

437 1045 582 1109 Non
655 1050 896 1108 tantum
971 1050 1062 1107 est
1125 1043 1312 1107 Hviri
1378 1044 1625 1107 comitia
1688 1044 1967 1107 habentis
2039 1051 2109 1107 ut
2180 1046 2373 1109 curias
2421 1046 2499 1111 ad

247 1171 602 1257 suffragium
655 1169 971 1234 ferendum
1022 1176 1229 1246 vocet,
1285 1192 1489 1234 verum
1541 1172 1724 1234 etiam
1792 1178 1863 1235 ut
1920 1172 2047 1235 sine
2114 1172 2324 1236 fraude
2376 1174 2499 1237 suf-

245 1299 442 1384 fragia
489 1299 774 1362 ferantur.
876 1297 1018 1361 Huc
1067 1298 1330 1381 pertinet
1403 1298 1841 1383 praescriptum
1890 1298 2090 1362 IIviro
2143 1299 2357 1385 Capite
2410 1303 2495 1365 55

247 1426 497 1503 datum,
571 1424 680 1489 ubi
751 1424 1012 1508 legitur:
1112 1424 1314 1501 „Item
1382 1400 1591 1488 curato
1660 1431 1731 1487 ut
1792 1425 1871 1489 ad
1938 1426 2147 1489 cistam
2198 1429 2496 1512 cuiusque

247 1553 451 1617 curiae
515 1574 588 1615 ex
661 1551 1070 1636 municipibus
1143 1552 1272 1635 ejus
1342 1552 1663 1636 municipii
1742 1552 1901 1615 terni
1950 1552 2115 1631 sint,
2190 1555 2297 1637 qui
2370 1556 2501 1619 cius

199 1676 450 1745 ‘curiae
497 1702 622 1743 non
671 1681 795 1743 sint
827 1681 919 1763 2),
987 1680 1092 1763 qui
1158 1680 1443 1764 suffragia
1512 1680 1863 1743 custodiant
1910 1680 2241 1759 diribeant‚
2292 1689 2353 1745 et
2402 1683 2496 1747 uti

245 1811 573 1891 antequam
661 1806 726 1869 id
792 1806 1052 1883 faciant,
1113 1806 1372 1890 quisque
1423 1828 1633 1871 eorum
1692 1807 1856 1890 juret
1903 1829 1967 1870 se
2025 1808 2317 1871 rationem
2382 1809 2503 1873 suf-

248 1935 582 2020 fragiorum
631 1934 748 1998 fide
797 1932 958 1997 bona
1007 1933 1356 1997 habiturum
1406 1933 1877 2017 relaturumque.
1955 1933 2127 1998 Neve
2164 1935 2502 2019 prohibito,

247 2062 580 2147 quominus
646 2068 706 2127 et
771 2061 877 2145 qui
943 2062 1232 2125 honorem
1307 2067 1517 2145 petent
1590 2061 1861 2145 singulos
1930 2062 2210 2125 custodes
2259 2063 2336 2126 ad
2383 2065 2501 2128 sin-

251 2190 429 2276 gulas
479 2190 658 2254 cistas
706 2188 998 2275 ponant.'’

437 2316 604 2380 IIvir
651 2317 838 2401 igitur
885 2315 1166 2379 custodes
1201 2316 1341 2379 dare
1375 2314 1554 2379 debet
1588 2315 1695 2399 qui
1728 2315 1910 2379 simul
1944 2321 2089 2379 sunt
2124 2316 2493 2383 diribitores·

247 2444 483 2508 Romae
564 2444 649 2507 ita
711 2465 834 2506 non
899 2443 1020 2506 fuit
1036 2470 1053 2521 ;
1131 2443 1216 2507 ibi
1281 2465 1406 2507 non
1464 2442 1766 2507 dabantur
1832 2466 1866 2506 a
1931 2444 2321 2528 magistratu,
2400 2446 2503 2509 sed

253 2572 565 2637 candidati
613 2571 733 2656 ipsi
783 2570 1059 2636 solebant
1107 2572 1330 2635 amicos
1378 2570 1458 2634 ad
1507 2570 1683 2635 cistas
1735 2570 2057 2650 collocare;
2109 2572 2383 2637 custodes
2415 2573 2503 2638 ibi

251 2724 386 2765 non
468 2699 881 2786 fungebantur
954 2723 1202 2764 munere
1275 2699 1676 2764 diribitorum..
1806 2699 1988 2782 Quod
2064 2722 2203 2764 cum
2275 2701 2504 2766 videret

249 2827 574 2892 discrimen
646 2827 808 2890 inter
880 2827 1169 2890 instituta
1239 2826 1510 2890 Romana
1584 2832 1645 2888 et
1708 2825 2081 2890 Malacitana
2140 2847 2507 2893 LABOULAYE

244 2956 635 3022 vehementer
708 2955 774 3018 in
834 2953 1028 3039 legem
1075 2960 1341 3017 nostram
1391 2953 1716 3016 invehitur.
1818 2952 2265 3032 „Surveiller,''
2314 2955 2400 3019 ait
2428 2955 2503 3041 ³),

161 3110 170 3115 ·
246 3083 382 3160 „les
449 3083 732 3165 suffrages
800 3088 860 3144 et
925 3077 1260 3166 depouiller
1323 3079 1380 3144 le
1448 3080 1680 3143 scrutin
1748 3086 1887 3142 sont
1942 3079 2103 3143 deux
2152 3078 2495 3165 operatione

395 3317 428 3376 1)
499 3317 618 3364 Vide
657 3329 892 3364 cremnon.
928 3317 988 3365 de
1025 3317 1118 3366 dic.
1157 3317 1270 3366 235
1311 3317 1372 3366 cf.
1407 3316 1535 3365 idem
1572 3319 1765 3366 auctor:
1808 3317 1867 3365 de
1900 3319 2075 3364 nataecra
2111 3317 2327 3375 deorum,
2366 3319 2469 3367 2.4.

388 3402 434 3460 2)
498 3401 616 3449 Inde
663 3402 876 3464 sequitur
913 3401 1177 3465 municipes
1214 3402 1323 3449 illos
1358 3401 1574 3466 singulos
1609 3402 1658 3450 in
1696 3418 1780 3450 sua
1817 3403 1951 3450 curia
1986 3401 2209 3466 suffragia
2246 3403 2367 3450 ferre
2405 3419 2498 3451 non

241 3485 479 3552 potuisse.
518 3486 666 3534 Valde
691 3491 848 3534 tamen
877 3487 1090 3550 iniquum
1113 3487 1231 3535 illud
1252 3487 1416 3536 suisset
1437 3503 1541 3544 eos,
1571 3487 1837 3536 ministerio
1858 3503 1945 3536 suo
1967 3488 2255 3550 reipublicae
2276 3489 2504 3552 praeben·

242 3572 336 3630 do,
396 3571 521 3619 facto
573 3571 826 3620 destitutos
880 3572 1025 3620 fuisse
1073 3572 1181 3634 jure
1218 3572 1442 3634 suffragii.
1518 3571 1676 3636 Quam
1713 3573 1773 3620 ob
1810 3587 1912 3620 rem
1948 3573 2023 3620 lex
2059 3571 2353 3620 Malacitana
2388 3571 2504 3622 huic

239 3671 417 3706 causae
455 3656 721 3719 prospexit3
774 3660 968 3704 cavetur
1015 3657 1139 3705 enim
1181 3657 1226 3704 in
1264 3657 1356 3704 fine
1393 3649 1575 3720 Capitis
1614 3659 1705 3704 55:
1778 3657 1946 3719 „lique
1982 3656 2204 3704 custodes
2239 3655 2299 3704 ab
2336 3672 2390 3704 eo
2427 3658 2510 3720 qui

240 3741 444 3790 comitia
497 3740 719 3799 habebit,
774 3741 889 3788 item
941 3741 1000 3789 ab
1049 3741 1122 3790 his
1159 3741 1304 3805 positi
1342 3740 1423 3803 qui
1459 3739 1692 3788 honorem
1730 3743 1925 3804 petent,
1965 3739 2013 3786 in
2051 3755 2103 3787 ea
2139 3740 2271 3787 curia
2306 3741 2506 3805 quisque

240 3841 419 3874 eorum
457 3826 735 3886 suffragium
772 3826 894 3873 ferto
933 3825 991 3873 ad
1029 3826 1162 3874 cuius
1198 3826 1356 3874 curiae
1383 3826 1551 3872 cistam
1577 3828 1735 3872 custos
1760 3824 1943 3888 positus
1968 3823 2087 3881 erit,
2126 3839 2384 3888 eorumque
2407 3827 2509 3874 suf-

237 3910 401 3972 fragia
437 3909 632 3973 perinde
669 3910 798 3972 justa
835 3913 1029 3972 rataque
1066 3915 1200 3967 sunt,
1242 3926 1296 3958 ac
1333 3910 1373 3958 si
1399 3910 1447 3956 in
1475 3925 1559 3956 sua
1586 3909 1783 3972 quisque
1810 3909 1943 3958 curia
1966 3908 2242 3970 suffragium
2267 3910 2507 3959 tulisset.”

234 4008 550 4045 LABOULAYss
587 3995 676 4043 hoc
712 3995 817 4043 loco
854 3995 1190 4043 animadvertit
1224 3996 1295 4056 (in
1337 3995 1524 4058 Opere:
1562 3996 1631 4042 les
1654 3995 1811 4042 Tables
1846 4011 1894 4059 p.
1931 3995 1992 4042 41
2034 3995 2265 4054 not.2l):
2306 3995 2505 4060 „Quant

235 4097 304 4130 nu
347 4079 478 4128 droit
511 4081 572 4128 de
609 4084 744 4128 voter
780 4080 896 4128 dans
934 4095 1026 4128 une
1067 4084 1201 4129 autre
1239 4080 1370 4128 curie
1407 4096 1470 4128 ou
1505 4079 1623 4126 dans
1662 4095 1752 4127 une
1790 4083 1923 4126 autre
1959 4079 2093 4126 tribu
2130 4096 2221 4143 que
2257 4079 2303 4128 la
2339 4081 2501 4130 sienne

233 4182 308 4215 un
348 4163 552 4212 Romaiu
590 4181 647 4212 ne
683 4163 800 4212 l’eut
830 4165 1000 4228 jamnis
1036 4163 1236 4214 admis.'’
1311 4163 1452 4228 Quod
1489 4167 1657 4212 auctor
1694 4179 1807 4211 vero
1835 4163 2173 4212 condemnavit
2196 4165 2374 4213 Romae
2396 4182 2501 4215 eve-

233 4250 371 4299 nisse
428 4249 593 4306 video;
646 4265 753 4297 cum
807 4249 934 4296 euim
973 4265 1027 4297 ex
1065 4249 1224 4312 aliqua
1261 4249 1390 4297 tribu
1428 4265 1566 4296 nemo
1606 4251 1797 4296 venerat
1836 4248 1897 4296 ad
1932 4248 2211 4310 suffragium
2250 4250 2501 4300 ferendum

231 4351 298 4384 ex
339 4333 435 4382 alia
468 4333 598 4381 tribu
635 4333 858 4382 nonnulli
901 4334 1176 4398 suffragium
1213 4335 1376 4400 ferunt
1411 4333 1460 4380 in
1497 4333 1581 4380 illa
1617 4333 1751 4381 cuius
1779 4348 1916 4381 nemo
1942 4333 2101 4392 adest3
2136 4334 2241 4384 vide
2267 4348 2503 4387 cremnon.

243 4419 336 4468 Or.
364 4433 462 4480 pro
497 4419 654 4466 Sextio
690 4419 806 4483 Cap.
845 4419 933 4476 51,
974 4419 1036 4467 cf.
1073 4432 1276 4468 MAnvre
1317 4418 1539 4480 opuscul.
1578 4417 1731 4468 Acad.
1770 4434 1817 4481 p.
1855 4419 1971 4467 488.

381 4501 424 4563 ³)
493 4500 550 4548 In
590 4501 772 4566 Opere.-
811 4503 880 4550 les
919 4503 1114 4560 Tables,
1150 4519 1196 4567 p.
1237 4503 1330 4560 41,
1369 4506 1473 4551 not.
1511 4503 1559 4551 8.
