3027 5263
37 0 209 40 Ψ
242 0 327 46 μ’

38 339 143 462 Ξῖ

38 586 61 648 ζ
94 559 126 594 '2'
1383 609 1448 654 IX

1181 784 1460 852 CAPUT
1507 783 1639 850 ῙῙῙ.

955 997 1060 1048 ΒΕ
1111 995 1867 1047 ΜΑΘΙὸΤΒΔΤῙΒΠὸ.

66 1210 77 1221 -
479 1173 574 1238 De
623 1171 1074 1257 magistratibus
1123 1169 1442 1236 ordinariis
1503 1175 1564 1234 et
1614 1167 2125 1233 extraordinariis.
2223 1167 2543 1254 Dignitate

64 1258 85 1277 .-
260 1299 653 1366 differebant
702 1299 1104 1385 magistratus.
1204 1297 1298 1362 De
1363 1297 1444 1360 iis
1493 1297 1601 1381 qui
1651 1302 1931 1362 arcentur
1980 1294 2054 1360 ab
2105 1296 2269 1360 omni
2322 1297 2547 1382 magis-

267 1555 358 1621 ab
419 1553 729 1618 aedilitate
779 1557 839 1616 et
887 1555 1230 1637 quaestura.
1330 1551 1425 1616 De
1499 1550 1783 1615 cautione
1841 1549 2203 1637 praestanda
2252 1576 2287 1617 a
2337 1552 2541 1618 IIviro

80 1230 117 1297 5

48 1358 134 1545 ’ἒ
261 1435 454 1494 tratu
529 1426 833 1491 ordinario
851 1453 868 1506 3
938 1425 1014 1490 ab
1087 1423 1565 1489 extraordinario
1655 1425 2042 1509 magistratu,
2117 1446 2152 1489 a
2232 1423 2501 1490 IIviratu
2520 1473 2541 1504 ,

100 1548 133 1577 e.

38 1661 71 1771 W
58 1576 67 1585 .

271 1691 343 1747 et
403 1675 744 1767 quaestore.
846 1680 940 1744 De
989 1677 1378 1744 iureiurando
1411 1679 1480 1743 in
1513 1677 1677 1764 leges
1710 1677 1871 1764 quod
1907 1700 2113 1744 omnes
2149 1679 2540 1766 magistratus

38 1745 152 1906 ξαὲ
273 1813 623 1897 praestant.
675 1832 735 1894 p.
791 1809 1090 1873 83—-97,

38 1896 145 2166 ἓξ,
1132 1999 1161 2076 5
1199 1999 1249 2062 1.
1333 1999 1422 2060 Do
1459 1997 1698 2062 Hviris.

37 2164 75 2370 {—
128 2160 147 2257 -Ξ
480 2208 578 2274 De
625 2213 925 2295 potestate
972 2229 1179 2274 eorum
1227 2207 1526 2273 universa.
1576 2207 1671 2272 De
1720 2206 2142 2274 iurisdictione
2176 2210 2537 2278 voluntaria.

142 2344 151 2353 '
274 2340 379 2404 De
433 2338 658 2402 tutoris
708 2336 974 2401 datione.
1075 2337 1166 2402 De
1215 2333 1634 2402 iurisdictione
1684 2338 2077 2402 contentiosa.
2170 2339 2264 2404 De
2313 2340 2541 2408 multae

272 2467 579 2533 dictione.
656 2463 747 2530 De
797 2465 1056 2529 comitiis
1107 2464 1424 2530 habendis,
1493 2465 1588 2528 De
1638 2463 2045 2552 professione,
2098 2469 2541 2555 proscriptione

272 2602 340 2664 et
392 2593 816 2661 nominatione
865 2593 1322 2659 candidatorum
1370 2593 1531 2660 IIvir
1581 2594 1914 2681 municipes
1945 2617 2071 2661 uno
2104 2606 2321 2663 vocatu
2354 2601 2542 2666 curia-

275 2726 400 2791 tim
472 2730 648 2789 vocat
707 2722 786 2785 ad
849 2722 1134 2808 suffragia
1196 2722 1444 2789 ferenda
1522 2746 1629 2809 per
1692 2722 1997 2789 tabellam.
2097 2726 2191 2791 De
2264 2729 2541 2794 custodia

275 2854 583 2919 cistarum
634 2856 695 2914 et
743 2849 1097 2917 diribitione
1147 2852 1585 2939 suffragiorum.
1686 2852 1778 2917 De
1820 2852 2033 2919 ordine
2065 2858 2541 2923 renuntiationis

169 2974 173 2998 ³
276 2986 450 3047 sorte
517 2984 764 3042 statuto.
860 2978 952 3043 De
1017 3001 1228 3043 norma
1274 3002 1429 3064 quae
1495 2980 1829 3044 constituta
1878 2986 2005 3045 erat
2052 2984 2283 3049 ratione
2334 2986 2541 3053 habita

275 3130 506 3175 eorum
555 3107 661 3191 qui
731 3107 1028 3192 suffragiis
1092 3130 1264 3194 pares
1313 3114 1476 3172 sunt.
1580 3108 1671 3171 De
1744 3106 2132 3174 iureiurando
2183 3109 2256 3176 ab
2307 3112 2383 3177 iis
2433 3116 2542 3201 qui

275 3238 586 3303 maiorem
636 3234 863 3300 habent
909 3240 1137 3321 partem
1189 3238 1494 3301 curiarum
1544 3236 1926 3323 praestanda
2028 3238 2119 3303 De
2160 3242 2403 3326 gemina
2453 3266 2541 3309 re·

175 3357 182 3367 ⁴
276 3364 698 3429 nuntiatione.
799 3362 891 3427 De
939 3362 1265 3428 interdicto
1315 3364 1706 3430 comitiorum
1759 3365 2260 3435 dirimendorum.
2316 3371 2408 3436 De
2441 3394 2543 3458 po·

38 3545 51 3585 U.
174 3508 187 3570 ζ
277 3499 507 3559 testate
557 3497 800 3555 senatus
850 3490 1136 3557 habendi.
1237 3492 1332 3558 De
1382 3494 1771 3581 cooptatione
1804 3496 2061 3581 patroni.
2160 3498 2253 3563 De
2286 3498 2544 3567 lectione

38 3588 70 3651 i*
173 3616 188 3698 ξ
277 3621 570 3686 Senatus.
668 3618 763 3683 De
827 3617 1077 3683 arbitrio
1139 3618 1476 3686 IIvirorum
1546 3622 1611 3686 in
1676 3622 1978 3689 locatione
2046 3626 2428 3713 vectigalium
2480 3638 2541 3695 et

174 3746 191 3817 ’Ξῖ
280 3748 352 3813 in
401 3744 732 3835 praedibus
779 3746 1166 3835 praediisque
1215 3748 1586 3835 accipiendis
1619 3756 1679 3817 et
1712 3752 2063 3818 vendendis.
2100 3777 2157 3841 p.
2196 3758 2541 3825 98—134.

1074 3942 1104 4021 ἓ
1143 3942 1201 4007 2.
1285 3944 1374 4007 De
1411 3944 1759 4011 Praefectis.

480 4150 576 4220 De
623 4150 831 4244 variis·
863 4152 1302 4239 praefectorum
1367 4157 1717 4243 generibuS.
1815 4157 2143 4241 Quomodo
2190 4160 2540 4249 eliguntur?

184 4270 202 4328 ’ἐ
285 4277 382 4343 De
431 4279 734 4365 praefecto
783 4280 1081 4349 Caesaris.
1155 4284 1248 4351 De
1295 4286 1597 4372 praefecto
1645 4287 1850 4354 IIviri.
1904 4290 1996 4355 De
2046 4297 2342 4377 potestate
2375 4316 2541 4383 prae·

289 4403 607 4475 fectorum.
661 4434 721 4496 p.
779 4414 1170 4481 134—141.

186 4895 190 4901 ⁴<
174 4726 210 4870 fidon..
175 4513 208 4709 :alra-'³³³2‘
184 4447 204 4496 ιν
194 4419 202 4428 ·
