3027 5263
1521 534 1652 596 220

468 727 685 790 tutoris
755 725 923 812 optio
994 725 1243 792 effectus
1314 725 1528 790 fuisset
1593 725 1850 792 Latinae
1931 749 2178 806 manua,
2250 727 2394 792 haec
2465 748 2713 812 quoque

468 853 735 918 clausula
808 863 1097 939 concepta
1168 853 1387 918 fuisset
1452 858 1520 918 ut
1593 853 1826 938 reliqua
1875 853 2108 939 Capitis
2157 877 2334 940 pam,
2387 862 2570 939 atque
2619 856 2710 918 ita

466 982 756 1067 scriptum
828 982 1081 1047 fuisset:
1158 981 1387 1066 „idque
1456 981 1554 1065 jus
1625 981 1848 1045 tutoris
1911 981 2160 1067 optandi
2209 981 2464 1061 habete,
2545 983 2716 1068 quod

468 1106 752 1186 haberet,
817 1108 869 1172 si
918 1108 1158 1172 civitate
1210 1113 1439 1172 mutata
1486 1130 1610 1172 non
1667 1109 1873 1172 esset”.
1981 1109 2070 1172 Ex
2119 1109 2266 1194 legis
2317 1110 2517 1174 verbis
2538 1160 2556 1189 ‚
2609 1113 2708 1174 uti

469 1257 637 1301 nuuc
700 1243 875 1312 sunt,
950 1234 1265 1322 perspicue
1330 1235 1700 1300 contrarium
1749 1237 2057 1322 sequitui-3
2134 1237 2233 1301 lex
2279 1239 2442 1302 enim
2491 1237 2722 1302 tribuit

470 1362 725 1428 Latinae
774 1363 891 1428 civi
924 1363 1118 1428 factae
1164 1363 1387 1428 tutoris
1438 1363 1748 1449 optionem
1799 1373 1859 1426 et
1907 1364 2110 1428 addit:
2163 1364 2372 1449 „quod
2407 1365 2500 1428 ius
2537 1365 2722 1430 habe-

472 1497 597 1568 ret,
649 1491 698 1555 si
748 1514 785 1554 a
831 1491 961 1555 cive
1008 1491 1285 1556 Romano
1342 1497 1473 1554 orta
1521 1496 1676 1556 esset
1693 1490 1755 1568 ‚'’
1791 1491 1951 1556 unde
2003 1491 2394 1578 probabiliter
2441 1493 2725 1578 sequitur

472 1639 603 1681 eam
649 1625 937 1703 tanquam
984 1618 1267 1682 Latinam
1316 1617 1430 1681 hoc
1478 1617 1608 1682 iure
1658 1619 1936 1682 caruisse.

658 1747 902 1810 Tutoris
950 1747 1261 1832 optionem
1309 1751 1512 1810 tamen
1563 1746 1745 1810 habet
1794 1770 1864 1810 ea
1913 1771 2066 1832 quae
2116 1748 2177 1810 in
2231 1771 2415 1812 manu
2463 1755 2559 1812 est
2583 1751 2724 1834 jure

476 1873 785 1955 Romane,
838 1898 977 1940 natu
1029 1874 1279 1940 effectus
1330 1882 1422 1939 est
1472 1897 1684 1938 manus
1732 1873 2040 1940 Romanae
2083 1877 2142 1960 ¹).

663 2002 831 2083 Quid
880 2010 1081 2067 autem
1129 2002 1314 2067 fuerit
1354 2003 1454 2088 jus
1504 2003 1658 2066 illud
1706 2003 1927 2067 tutoris
1979 2004 2228 2088 optandi
2269 2005 2406 2088 jure
2441 2005 2723 2068 Romano

476 2132 641 2216 quod
683 2131 941 2196 Latinae
975 2131 1285 2195 civitatem
1336 2139 1545 2195 nactae
1602 2107 1957 2196 conceditur
2009 2131 2138 2218 lege
2188 2131 2598 2216 Salpensana‚
2649 2156 2728 2196 ex

476 2279 627 2323 GAIo
699 2257 1010 2323 discimus,
1110 2258 1385 2324 Testator
1456 2259 1616 2323 enim
1666 2259 2055 2345 permittebat
2116 2261 2291 2323 uxori
2349 2266 2720 2324 testamento

476 2392 738 2450 tutorem
815 2386 935 2450 sibi
1007 2391 1255 2471 optare;
1321 2387 1646 2471 proutique
1694 2386 1916 2450 tutoris
1965 2386 2132 2471 optio
2198 2387 2376 2472 plena
2441 2393 2548 2451 aut
2617 2410 2724 2450 an-

477 2520 658 2599 gusta
707 2514 846 2578 data
896 2519 1057 2593 erat,
1111 2511 1363 2598 optandi
1412 2511 1669 2576 facultas
1703 2512 1908 2576 uxoris
1961 2513 2150 2598 magis
2205 2513 2481 2576 minusve
2530 2512 2727 2578 libera

476 2648 604 2705 erat
635 2642 705 2727 ²).
803 2641 1041 2705 Notum
1091 2647 1182 2705 est
1240 2642 1487 2725 quando
1546 2641 1892 2705 institutum
1944 2641 2098 2705 illud
2149 2642 2214 2705 in
2260 2643 2394 2727 jure
2444 2642 2721 2705 Romano

481 2768 681 2853 vigere
746 2768 1009 2855 coeperit
1024 2793 1041 2845 ;
1106 2768 1371 2853 primum
1436 2767 1778 2852 exemplum
1845 2768 2008 2832 enim
2057 2769 2282 2833 tutoris
2347 2770 2539 2854 optivi
2589 2776 2724 2833 tum

482 2896 599 2959 fuit
649 2918 787 2960 cum
838 2903 1084 2960 senatus
1116 2896 1410 2961 Feceniae
1462 2895 1784 2980 Hispalae,
1837 2895 2001 2981 quod
2053 2896 2180 2958 eius
2230 2919 2412 2981 opera
2464 2896 2732 2960 Baccha-

480 3023 642 3088 nalia
690 3024 923 3089 detecta
973 3030 1172 3101 erant,
1226 3025 1326 3109 jus
1377 3023 1600 3087 tutoris
1652 3023 1904 3109 optandi
1953 3024 2253 3086 concessit
2288 3023 2356 3107 ³).

669 3152 827 3217 Cum
900 3176 1040 3217 vero
1115 3153 1229 3217 sit·
1271 3152 1490 3216 tutoris
1564 3152 1733 3236 optio
1805 3150 2054 3213 effectus
2115 3173 2328 3213 manus
2384 3150 2728 3229 Romanae,

482 3277 632 3363 quid
703 3302 855 3364 opus
928 3285 1021 3344 est
1090 3246 1198 3343 illa
1269 3279 1540 3343 clausula
1611 3278 1798 3342 huius
1870 3277 2138 3363 Capitis,
2193 3300 2327 3341 cum
2405 3278 2510 3362 qui
2577 3278 2726 3341 civis

480 3408 795 3471 Romanus
888 3408 1057 3471 fieret
1144 3430 1249 3493 per
1336 3430 1396 3471 se
1464 3408 1600 3492 jura
1673 3428 1826 3491 quae
1924 3428 1996 3469 ex
2084 3427 2268 3469 manu
2360 3404 2727 3469 descendant

484 3533 775 3613 haberet,
858 3557 1118 3619 cumque
1198 3535 1377 3599 etiam
1458 3533 1704 3598 feminis
1786 3554 1940 3616 quae
2007 3532 2129 3596 sint
2207 3531 2274 3594 in
2345 3554 2532 3595 manu
2583 3531 2734 3595 civis

634 4013 669 4077 ι)
740 4014 859 4065 Vide
894 4028 1082 4074 anun,
1118 4018 1240 4066 [πει.
1280 4014 1387 4065 Lib.
1422 4014 1468 4065 1.
1510 4015 1533 4075 ς
1572 4012 1683 4061 150.

630 4100 669 4163 2)
742 4100 858 4150 Vide
894 4114 1085 4159 eamn,
1122 4104 1241 4151 [nst.
1276 4100 1379 4151 Lib.
1421 4100 1465 4149 1.
1502 4101 1526 4160 §
1567 4097 1846 4148 150-155.

628 4185 668 4249 3)
742 4186 858 4235 Vide
912 4199 1120 4243 Livium,
1176 4185 1282 4235 Lib.
1320 4186 1402 4234 39.
1440 4184 1561 4248 Cap.
1603 4182 1692 4241 19,
1731 4182 1790 4231 cf.
1829 4180 2024 4231 omnino
2061 4193 2144 4229 ΡΗ.
2184 4192 2233 4227 Ε.
2271 4190 2507 4227 nuscnxn
2541 4175 2590 4225 in
2629 4176 2738 4225 Dis-

488 4272 746 4335 sezjtatioue
781 4273 842 4320 de
876 4272 1143 4337 Privileqiis
1178 4269 1407 4321 Feceniae
1443 4269 1676 4332 Hispalae
1711 4268 2122 4317 Senatusoonsullo
2151 4264 2403 4315 concessis.
2477 4262 2736 4327 Gottingae

492 4360 639 4413 1822.
676 4359 910 4425 imprimis
946 4376 994 4423 p.
1015 4359 1233 4407 46--56.
1272 4355 1475 4421 Egregie
1512 4356 1569 4405 de
1605 4354 1830 4404 instituto
1865 4351 2042 4402 tutoris
2078 4350 2319 4417 optiouiS,
2345 4350 2542 4413 ejusque
2571 4350 2740 4397 natura

493 4450 541 4497 et
565 4446 749 4517 origiue
775 4444 989 4518 disputat
1014 4456 1229 4509 amaon,
1256 4442 1307 4500 iu
1336 4442 1580 4497 Gomment,
1605 4440 1737 4489 laud.
1761 4456 1808 4509 p.
1835 4434 2126 4491 323-327.
