3027 5263
1527 541 1658 604 218

474 736 589 800 sui.
642 736 869 802 Eadem
914 738 1069 823 juris
1094 743 1409 824 praecepta
1434 736 1597 822 apud
1622 737 1924 801 Romanos
1955 737 2242 823 vigebant
2283 736 2350 822 ¹),
2408 759 2712 823 quaprop-

474 867 566 925 ter
598 864 663 928 in
714 864 823 928 bae
871 887 1047 928 causa
1097 866 1411 949 utriusque
1454 865 1606 948 juris
1632 863 1911 927 instituta
1936 869 2095 928 arcte
2122 865 2445 948 conjuncta
2473 873 2618 927 sunt
2643 865 2717 948 ²).

662 991 711 1054 b.
813 993 906 1054 De
970 992 1051 1054 iis
1112 1012 1259 1075 quae
1317 992 1381 1053 in
1446 1013 1619 1053 manu
1675 1001 1830 1054 sunt.
1953 991 2064 1054 Uti
2121 991 2256 1074 jure
2321 991 2598 1054 Romano
2655 991 2727 1054 in

476 1139 722 1180 manum
799 1123 1037 1181 tantum
1102 1119 1357 1182 feminae
1424 1119 1792 1182 conveniunt
1819 1118 1906 1203 ³),
1974 1117 2106 1202 jure
2183 1139 2424 1203 quoque
2491 1118 2724 1181 Latino

478 1246 543 1308 in
608 1267 793 1309 manu
851 1250 1089 1310 tantum
1147 1255 1288 1309 sunt
1338 1266 1570 1309 uxores,
1671 1245 1874 1308 Variis
1925 1246 2123 1309 modis
2173 1247 2236 1308 in
2289 1269 2533 1310 manum
2584 1269 2729 1310 oon-

479 1374 683 1437 venire
754 1363 1031 1458 poterant
1073 1376 1209 1459 jure
1259 1375 1562 1454 Romano,
1615 1397 1696 1439 sc.
1749 1397 1898 1451 usu,
1953 1375 2464 1453 confarreatione,
2526 1399 2730 1440 eoem-

479 1502 683 1587 ptione
709 1501 780 1586 ⁴).
878 1501 971 1566 De
1020 1502 1252 1566 ratione
1301 1525 1421 1587 qua
1468 1503 1534 1565 iu
1584 1525 1831 1566 manum
1880 1503 2200 1567 conventio
2253 1503 2410 1588 apud
2462 1505 2724 1568 Latinos

479 1629 880 1716 peragebatur
926 1628 1081 1694 nihil
1129 1641 1376 1715 apparet
1424 1652 1499 1694 ex
1547 1629 1676 1715 lege
1725 1630 2127 1715 Salpensana,
2159 1653 2295 1694 eum
2329 1640 2534 1695 autem
2584 1654 2730 1696 eon-

483 1762 682 1823 ventio
733 1759 837 1822 illa
885 1781 991 1843 per
1041 1760 1483 1844 coemptionem
1556 1759 1999 1843 mancipatione
2050 1761 2430 1843 perficeretur
2457 1761 2512 1846 5)
2567 1761 2731 1824 nihil

482 1909 622 1950 sane
671 1886 1055 1970 Salpensanis
1099 1886 1534 1972 impedimento
1583 1887 1798 1963 fuerit,
1852 1888 2174 1970 quominus
2223 1888 2310 1950 ita
2359 1889 2422 1950 in
2475 1911 2728 1951 manum

485 2015 873 2078 convenirent
906 2015 989 2100 ὃ);
1040 2037 1178 2079 nam
1228 2023 1442 2080 notum
1486 2022 1575 2080 est
1610 2015 2116 2100 mancipationem
2169 2014 2415 2077 Latinis
2466 2015 2734 2078 colonia-

487 2141 593 2204 riis
610 2190 628 2219 ,
682 2141 907 2226 quippe
958 2143 1059 2227 qui
1110 2143 1465 2206 commercio
1518 2149 1864 2218 uterentur,
1917 2142 2324 2226 competiisse.

678 2269 851 2350 Quae
954 2271 1016 2333 in
1109 2293 1354 2334 manum
1444 2276 1804 2334 convenerat
1889 2269 2152 2345 femina,
2235 2270 2370 2352 jure
2459 2269 2742 2334 Romano

488 2395 645 2460 filiae
707 2396 912 2460 locum
977 2398 1289 2462 obtinebat
1353 2405 1534 2482 atque
1617 2399 1831 2461 marito
1898 2395 2330 2481 subjiciebatur
2366 2398 2448 2479 ⁷);
2519 2397 2738 2460 similis

490 2524 699 2608 procul
744 2525 931 2589 dubio
980 2533 1105 2590 erat
1154 2549 1363 2590 manus
1412 2526 1659 2603 Latina3
1715 2525 1920 2588 eadem
1953 2531 2156 2588 tamen
2194 2547 2314 2588 non
2352 2533 2513 2588 erat:
2568 2526 2737 2608 quod

493 2678 615 2718 non
668 2662 905 2719 tantum
955 2678 1026 2719 ex
1078 2676 1227 2719 GAio
1276 2662 1556 2740 apparet,
1612 2655 1719 2718 ubi
1758 2678 1997 2717 manum
2029 2655 2128 2737 jus
2163 2654 2472 2738 proprium
2512 2655 2739 2718 civium

494 2782 905 2846 Romanorum
956 2804 1078 2845 esse
1128 2781 1277 2845 dicit
1311 2782 1388 2867 8),
1444 2804 1648 2844 verum
1678 2782 1856 2844 etiam
1886 2804 1961 2843 ex
1993 2782 2122 2863 lege
2157 2779 2527 2864 Salpensana
2547 2806 2564 2856 ;
2597 2781 2740 2844 hinc
2833 2836 2840 2841 .

497 2910 661 2973 enim
711 2908 991 2972 novimus
1032 2931 1155 2972 non
1199 2931 1404 2973 omnes
1439 2908 1682 2972 effectus
1717 2930 1866 2992 quos
1903 2908 2181 2971 habuerit
2217 2930 2428 2970 manus
2464 2908 2741 2971 Romana

494 3036 751 3102 Latinae
800 3058 1040 3122 quoque
1091 3038 1363 3122 proprios
1414 3037 1618 3100 fuisse.

643 3333 679 3395 ¹)
751 3333 868 3383 Vide
903 3336 1022 3383 Inst.
1056 3335 1177 3383 Just.
1213 3334 1315 3383 Lib.
1356 3334 1400 3383 1.
1439 3333 1534 3383 Tit.
1575 3333 1604 3380 9
1646 3348 1717 3396 pr.
1757 3335 1804 3381 et
1840 3335 1861 3392 §
1900 3333 1928 3380 3
1967 3335 2013 3381 et
2051 3330 2139 3394 leg.
2179 3332 2206 3378 3
2239 3334 2286 3377 et
2323 3332 2354 3376 4
2392 3331 2450 3379 D.
2476 3330 2536 3379 de
2569 3332 2643 3381 his
2666 3334 2748 3396 qui

500 3420 575 3468 sui
608 3424 695 3469 aut
730 3421 792 3468 al.
832 3419 969 3482 (1.6.)
1006 3419 1208 3467 addatur
1243 3432 1417 3477 mma,
1457 3421 1578 3467 Imt.
1614 3418 1718 3466 Lib.
1761 3418 1784 3465 1
1825 3419 1846 3477 5
1885 3418 1946 3465 55
1986 3420 2033 3465 et
2059 3430 2167 3465 unp,
2195 3417 2305 3479 Req.
2341 3414 2436 3463 Tit.
2467 3416 2493 3463 5
2523 3418 2544 3475 §
2577 3419 2620 3465 1.

642 3504 679 3567 2)
750 3504 821 3551 De
856 3504 957 3569 ipsa
1009 3504 1163 3567 patria
1206 3507 1439 3568 potestate
1485 3503 1702 3551 Romana
1749 3516 1890 3565 quam
1942 3500 2037 3549 late
2073 3501 2279 3565 patuerit
2315 3514 2526 3563 quaeque
2569 3501 2746 3550 fuerint

502 3588 603 3640 eius
637 3590 830 3637 effectus
863 3605 959 3637 non
995 3604 1113 3653 opus
1150 3592 1220 3637 est
1265 3593 1319 3637 ut
1355 3588 1537 3646 dicam3
1577 3587 1682 3635 vide
1718 3591 1903 3652 praeter
1939 3586 2322 3636 Dissertationem
2361 3586 2495 3635 laud.
2534 3598 2657 3635 num
2685 3587 2734 3635 iu

510 3676 661 3739 Opere
692 3676 825 3724 laud.
862 3690 909 3738 p.
946 3675 1233 3725 468-499.

646 3762 683 3822 ³)
756 3762 872 3810 Vide
906 3774 1088 3811 anun.
1125 3760 1249 3809 Inst.
1286 3758 1391 3808 Lib.
1432 3760 1475 3808 1.
1510 3760 1534 3819 ς
1573 3756 1684 3806 109.

642 3846 683 3911 4)
756 3847 873 3896 Vide
910 3846 1050 3895 eund.
1086 3845 1203 3895 ibid.
1240 3848 1263 3906 ς
1306 3844 1415 3893 110.

644 3934 684 3997 ⁸)
755 3934 827 3984 cf.
865 3946 1053 3989 omum,
1091 3931 1213 3980 Inst.
1248 3930 1353 3980 Lib.
1392 3930 1419 3978 1
1458 3930 1480 3989 §
1524 3929 1636 3977 113.

648 4020 686 4082 θ)
756 4020 863 4067 Jam
900 4018 1024 4083 apud
1058 4017 1253 4068 Latinos
1290 4018 1399 4064 ante
1435 4014 1588 4079 legem
1621 4012 1802 4063 Juliam
1837 4010 2034 4059 feminas
2068 4010 2118 4061 iu
2157 4024 2352 4059 manum
2377 4010 2657 4059 convenisse
2693 4026 2748 4059 ex

511 4118 693 4155 emmo
731 4107 883 4167 (Noct.
918 4106 1019 4153 Att.
1056 4103 1159 4152 Lib.
1197 4106 1244 4153 4.
1282 4102 1400 4165 Cap.
1435 4102 1483 4160 4)
1523 4111 1757 4148 eunoun
1791 4098 1842 4145 in
1883 4098 2015 4157 Disp.
2055 4096 2176 4145 orit.
2209 4111 2256 4159 p.
2297 4095 2358 4143 25
2398 4095 2570 4144 effecit.

654 4192 689 4253 ⁷)
760 4191 831 4240 Cf.
868 4204 1059 4248 omum,
1100 4190 1219 4237 Inst.
1268 4187 1372 4237 Lib.
1414 4188 1456 4235 1.
1495 4188 1517 4245 §
1557 4186 1669 4233 111.
1708 4184 1765 4231 de
1816 4198 1960 4232 manu
1997 4180 2213 4230 Romana
2248 4180 2307 4231 cf.
2345 4193 2468 4229 Rem
2505 4181 2555 4229 in
2597 4180 2683 4243 Op.
2719 4183 2753 4230 l.

510 4296 557 4345 p.
595 4277 880 4329 373-390.
917 4280 965 4325 et
1001 4290 1040 4324 s,
1076 4288 1136 4324 w,
1172 4287 1404 4323 zmuaau
1440 4273 1489 4321 in
1527 4272 1710 4335 Opere:
1752 4264 2018 4319 &esch'iokte
2053 4268 2132 4317 des
2160 4266 2294 4317 Rom.
2331 4265 2502 4316 Rechts
2537 4266 2608 4315 bis
2640 4268 2746 4317 Jus-

513 4368 690 4425 tinian,
727 4364 1015 4424 Heidelberg
1053 4362 1209 4419 1826,
1247 4361 1309 4420 2,
1346 4376 1393 4423 p.
1432 4355 1718 4409 827—842.

650 4450 693 4527 Β)
762 4450 881 4499 Vide
917 4462 1109 4514 anun?
1145 4448 1266 4498 Inst.
1301 4446 1404 4499 Lib.
1444 4444 1469 4495 1
1509 4444 1532 4507 ς
1574 4443 1683 4493 108.
