3027 5263
1590 572 1721 633 154

665 759 704 834 ὁ
747 760 796 825 1.
851 759 938 821 De
988 763 1215 821 natura
1267 760 1567 823 cautionis
1618 762 1947 841 praedibus
1999 764 2383 843 praediisque
2418 768 2674 847 ejusque

1540 875 1809 943 historia.

737 1082 1074 1149 Peculiaris
1137 1090 1389 1151 naturae
1460 1092 1589 1151 erat
1646 1086 1793 1151 haec
1880 1086 2087 1152 cautio
2150 1110 2290 1152 nam
2366 1094 2608 1155 tantum
2682 1091 2809 1156 hoc

551 1211 732 1277 modo
780 1212 1102 1280 cavebatur
1141 1213 1528 1299 reipublicae.
1629 1214 1889 1280 Praedes
1936 1216 2163 1303 igitur,
2216 1217 2323 1303 qui
2371 1218 2457 1282 ita
2507 1225 2809 1284 vocantur

550 1341 693 1427 quia
779 1340 1135 1427 praevident
1213 1341 1586 1427 reipublicae
1632 1343 1707 1429 ¹),
1789 1349 2058 1431 tempore
2146 1367 2268 1431 quo
2348 1346 2573 1411 usitata
2648 1349 2805 1413 haec

550 1470 788 1549 cauti0‚
840 1470 916 1534 ab
967 1492 1036 1534 eo
1089 1470 1513 1536 tantummodo
1563 1470 1864 1536 dabantur
1914 1474 2023 1558 qui
2064 1472 2433 1559 reipublicae
2480 1498 2613 1541 sese
2649 1476 2811 1542 obli-

547 1604 826 1686 gaverat3
901 1622 1142 1685 prorsus
1220 1599 1383 1665 idem
1440 1600 1515 1664 de
1596 1600 1858 1686 praediis
1882 1602 1931 1687 ²)
1994 1625 2238 1689 quoque
2306 1602 2633 1669 dicendum
2684 1613 2800 1671 est.

551 1729 735 1810 Quod
783 1735 1235 1808 ut,constarct,
1300 1729 1603 1795 sufficeret
1667 1729 1916 1796 fortasse
1991 1730 2467 1798 animadvertere
2526 1734 2594 1798 in
2654 1735 2807 1799 solis

548 1856 668 1921 fere
743 1856 1148 1921 monumentis
1212 1856 1472 1943 publicis
1545 1858 1914 1923 mentionem
1974 1858 2265 1944 praedam
2332 1860 2573 1946 fieri³);
2633 1886 2806 1949 prae-

549 1992 710 2050 terea
783 1992 984 2050 tamen
1049 1986 1460 2072 compluribus
1509 1994 1777 2051 veterum
1830 1986 2377 2053 Grammaticorum
2428 1990 2803 2056 testimoniis

695 2196 728 2259 ¹)
801 2195 1096 2245 Vocabulum
1145 2197 1343 2262 „praes”
1399 2196 1589 2245 ducitur
1641 2212 1667 2244 a
1704 2196 1849 2246 verbo
1887 2196 2243 2262 „praevidere.”
2284 2197 2415 2247 Ilaec
2456 2200 2641 2249 notatio
2683 2202 2805 2252 satis

549 2282 778 2347 probatur
815 2282 967 2331 forma
1001 2281 1216 2346 longiore
1253 2296 1371 2345 quae
1406 2280 1649 2331 invenitur
1671 2281 1721 2330 iu
1746 2280 1849 2344 lege
1874 2280 2059 2345 agraria
2085 2297 2151 2331 sc.
2180 2283 2493 2346 „praevides”
2518 2300 2605 2349 pro
2628 2302 2803 2350 „prae-

548 2368 686 2421 des’',
717 2366 823 2417 vide
847 2380 1000 2425 zan,
1029 2369 1136 2417 Del.
1165 2367 1317 2417 Inscr.
1342 2382 1420 2417 no.
1449 2364 1604 2425 1678,
1644 2366 1759 2430 Cap.
1793 2367 1875 2417 20.
1916 2366 2051 2415 Licet
2075 2366 2344 2431 complures
2369 2368 2655 2433 interpretes
2682 2387 2727 2421 v.
2754 2388 2815 2436 g..

548 2465 801 2501 Mommsen
830 2455 878 2501 et
900 2465 1207 2501 zmufiuuan
1234 2450 1292 2501 de
1321 2452 1410 2501 hoc
1429 2452 1556 2501 inter
1578 2467 1628 2501 se
1653 2452 1984 2509 consentiant,
2012 2451 2153 2500 aliam
2175 2456 2335 2500 tamen
2358 2453 2572 2517 prodidit
2590 2456 2802 2520 explica-

549 2537 729 2585 tionem
783 2536 898 2586 clar.
937 2548 1210 2586 olrannum
1245 2537 1294 2585 in
1331 2538 1515 2600 Opere:
1586 2539 1691 2588 Das
1732 2536 2019 2600 efandrechc
2052 2537 2173 2585 nach
2218 2537 2309 2586 den
2360 2539 2685 2589 Grundsdtzen
2718 2542 2807 2591 des

551 2623 769 2686 heutiqen
805 2621 1079 2672 Rb'mischen
1115 2623 1305 2684 Rechts,
1345 2622 1539 2688 Leipzig
1578 2622 1725 2674 1860.
1763 2622 1803 2672 1.
1838 2638 1886 2687 p.
1926 2620 2019 2681 273
2059 2621 2233 2671 etenim
2268 2623 2556 2674 vocabulum
2594 2626 2803 2692 „praes”

552 2706 685 2756 ducit
721 2724 748 2755 a
785 2707 964 2772 „prae”
1002 2711 1050 2756 et
1086 2707 1236 2766 „vas”
1262 2711 1310 2756 et
1346 2707 1499 2756 addit:
1543 2707 1641 2766 „Es
1682 2707 1788 2756 sind
1824 2707 1975 2756 Lente
2010 2707 2088 2756 die
2125 2711 2368 2757 vortreteu
2405 2725 2489 2758 aus
2517 2710 2600 2759 der
2624 2712 2801 2776 Menge

555 2807 634 2840 um
661 2779 774 2840 ’sich
795 2793 946 2840 durch
970 2793 1046 2841 ihr
1081 2793 1216 2842 Wort
1234 2793 1342 2842 dem
1359 2793 1491 2842 Staat
1511 2809 1570 2841 zu
1591 2791 1950 2857 verpflichten.”
1988 2792 2201 2840 Eandem
2238 2794 2568 2858 comprobavit
2591 2799 2799 2845 notatio-

554 2893 662 2926 nem
699 2891 874 2926 mvmu
909 2879 957 2926 in
1000 2880 1084 2940 Op.
1119 2879 1156 2929 l.
1190 2894 1236 2942 p.
1279 2879 1364 2936 14,
1407 2877 1485 2941 qui
1524 2877 1731 2926 radicem
1772 2877 1925 2936 „ved”
1963 2877 2012 2926 in
2050 2877 2213 2926 multis
2250 2879 2495 2928 vocabulis
2531 2897 2650 2944 quae
2674 2884 2800 2948 apud

554 2963 673 3012 alios
707 2962 909 3028 populos
934 2964 1096 3012 eadem
1131 2963 1473 3026 significatione
1512 2965 1712 3013 utuntur
1747 2961 1951 3011 inveniri
1986 2963 2247 3014 contendit.
2336 2967 2577 3014 Assentiri
2614 2967 2803 3017 videtur

554 3049 599 3098 ei
644 3051 993 3107 Hffiflnocmm,
1047 3048 1098 3097 in
1147 3048 1346 3097 Diarioz
1401 3048 1559 3096 Revue
1592 3048 1652 3096 de
1686 3048 1816 3097 droit
1849 3048 2110 3112 historique
2146 3051 2194 3096 et
2228 3047 2474 3112 §tranqem
2518 3049 2567 3099 in
2604 3067 2803 3102 censura

555 3135 712 3198 operis
749 3151 880 3184 cons.
916 3147 1115 3192 mvma,
1154 3135 1291 3183 Tom.
1328 3133 1412 3184 XI.
1453 3134 1599 3183 1863.
1636 3149 1683 3198 p.
1710 3134 1835 3192 483,
1875 3134 1993 3185 484.
2027 3133 2169 3182 Errat
2193 3135 2376 3194 tamen,
2413 3139 2468 3183 ut
2489 3135 2582 3184 hoc
2601 3137 2803 3195 addam,

555 3218 623 3269 ita
675 3219 734 3268 de
780 3220 870 3268 hac
918 3219 1162 3268 notatione
1213 3219 1462 3282 disputans
1497 3234 1553 3268 ac
1590 3217 1629 3267 si
1666 3235 1693 3267 a
1729 3219 1831 3267 viro
1877 3233 2007 3270 cons.
2085 3218 2273 3266 Rlvmss
2317 3218 2510 3268 inventa.
2546 3225 2690 3279 esset;
2743 3224 2805 3272 cf.

556 3317 828 3354 nnnnnunu
863 3307 894 3354 l.
928 3307 962 3355 I.
998 3309 1044 3354 et
1079 3318 1273 3353 ruem-A
1311 3305 1362 3353 in
1403 3306 1487 3366 Op.
1524 3306 1556 3352 l.
1596 3304 1651 3362 2,
1692 3319 1738 3367 p.
1776 3301 1873 3353 728
1908 3307 2013 3352 not.
2050 3303 2096 3352 6.
2138 3303 2366 3368 Quamvis
2384 3303 2547 3368 itaque
2563 3305 2614 3353 hi
2639 3323 2801 3356 omnes

556 3390 863 3450 dissentiant,
890 3393 1044 3439 tamen
1073 3389 1354 3438 sententiam
1379 3405 1523 3454 supra
1548 3389 1839 3454 propositam
1866 3386 2039 3453 quippe
2065 3403 2186 3452 quae
2211 3391 2307 3436 tam
2334 3389 2641 3454 simplicitate
2661 3406 2801 3455 quam

556 3476 770 3540 longiore
805 3475 888 3524 illa
924 3473 1076 3524 forma
1129 3476 1177 3524 iu
1233 3475 1336 3537 lege
1387 3475 1573 3539 agraria
1627 3474 1705 3535 (cf.
1758 3475 1900 3537 quem
1956 3473 2323 3532 Malaoitanam,
2365 3473 2447 3522 ubi
2482 3475 2649 3532 semel,
2684 3476 2803 3543 Cap.

559 3563 648 3623 64,
686 3561 861 3626 legitur
897 3561 1146 3626 „praees”)
1182 3561 1298 3609 satis
1340 3559 1727 3618 commendetur,
1768 3561 2009 3624 praestare
2046 3563 2180 3623 puto.

696 3645 739 3708 2)
805 3647 1103 3696 Vocabulum
1123 3646 1435 3710 „praedium”
1461 3657 1713 3693 MOHMSEN
1734 3647 1783 3693 et
1800 3657 2111 3693 zmunuum
2128 3682 2141 3702 ,
2164 3643 2335 3707 quibus
2355 3644 2542 3693 accedit
2572 3659 2804 3696 nuscnxz

555 3734 606 3782 in
643 3732 808 3782 Diario
841 3731 1080 3796 juridico:
1114 3731 1351 3780 Krite‘seke
1384 3730 1680 3780 Jahrbaoher
1698 3730 1798 3794 fiir
1833 3729 2052 3778 deutsche
2095 3729 2587 3794 Rechlswissenscbaft
2610 3731 2801 3781 heraus·

557 3818 767 3883 gegeben
803 3833 897 3866 von
937 3818 1020 3866 Dr.
1059 3829 1282 3865 moerim
1317 3815 1415 3865 und
1453 3816 1542 3864 Dr.
1576 3826 1864 3864 scammum
1899 3814 2091 3878 Leipzig
2129 3813 2275 3862 1841.
2313 3813 2449 3862 Tom.
2488 3815 2559 3874 X,
2594 3831 2643 3880 p.
2680 3817 2801 3877 606,

559 3903 703 3952 etiam
757 3919 784 3951 a
820 3901 964 3951 verbo
1013 3900 1357 3967 „praevidere”
1415 3901 1617 3950 ducunt.
1698 3899 1865 3949 Minus
1900 3901 2029 3948 recte
2064 3901 2253 3956 tamen,
2307 3901 2362 3946 nt
2399 3898 2612 3958 videtur3
2670 3916 2804 3966 argu·

559 3991 722 4037 mento
771 3987 889 4036 mihi
941 3990 1013 4036 est
1065 3987 1230 4036 eadem
1281 3986 1355 4035 lex
1406 3985 1615 4049 agraria,
1674 4001 1793 4049 quae
1846 3982 1981 4033 iuxta
2048 3983 2251 4032 formam
2302 3982 2617 4047 „praevides”
2670 3984 2807 4034 habet

561 4071 845 4138 „praedia3”
898 4071 1100 4120 sienim
1152 4070 1400 4136 praedium
1452 4086 1480 4119 a
1517 4069 1860 4134 „praevidere”
1917 4069 2186 4117 ducendum
2235 4071 2389 4127 esset,
2446 4067 2620 4132 procul
2667 4069 2805 4119 dubio

560 4157 790 4223 scriptum
841 4158 1010 4206 fuisset
1047 4156 1370 4221 „praevidiass’
1405 4156 1480 4205 lbi
1516 4155 1643 4204 enim
1678 4155 1875 4218 legitur:
1920 4169 2207 4218 „mancepa,
2244 4153 2497 4218 praevides
2524 4153 2805 4220 praediaque

561 4243 708 4292 soluti
761 4241 954 4293 sunto.’'
1024 4242 1204 4292 Melius
1254 4255 1429 4290 mvum
1480 4241 1531 4290 in
1589 4240 1673 4304 Op.
1729 4242 1761 4291 l.
1797 4256 1844 4305 p.
1885 4240 1947 4288 29
1985 4238 2233 4305 praedium
2269 4253 2378 4287 cum
2412 4253 2529 4288 voce
2570 4240 2808 4304 „praeda”

567 4326 830 4394 conjungit.

701 4411 740 4476 ³)
812 4411 930 4462 Vide
979 4413 1070 4478 leq.
1121 4427 1279 4478 ayrar.
1318 4411 1434 4478 Cap.
1472 4412 1553 4462 20.
1572 4446 1587 4471 ,
1625 4413 1773 4483 legem
1807 4410 2116 4460 Puteolanam
2150 4409 2395 4481 ipsamque
2429 4408 2575 4476 leqem
2612 4409 2807 4462 Malaci-

561 4504 738 4566 tanam.
