3027 5263
1362 616 1486 677 115

285 809 621 895 fragiorum
686 804 968 871 referre.'’
1067 806 1294 871 Romae
1343 806 1630 893 suffragia
1679 808 2098 877 diribebantur
2148 814 2213 877 in
2264 816 2537 882 aedificio

286 937 551 1023 quodam
619 938 930 1020 separatO,
1005 935 1170 1018 quod
1233 934 1378 999 inde
1426 935 1923 1013 „diribitorium”
1997 941 2420 1025 appellabatur
2452 946 2533 1029 1);

287 1074 443 1153 puto
490 1063 798 1142 Malacae,
852 1061 959 1126 ubi
1008 1061 1286 1127 custodes
1335 1069 1480 1126 sunt
1528 1064 1711 1128 iidem
1762 1089 1829 1130 ac
1878 1066 2261 1149 diribitoreS,
2299 1071 2364 1136 in
2400 1096 2539 1137 con·

289 1194 516 1279 saeptis
565 1193 747 1256 etiam
797 1189 1208 1254 diribitionem
1257 1188 1479 1254 factam
1532 1214 1679 1257 esse.

475 1322 711 1408 Operae
749 1318 1012 1405 pretium
1055 1325 1144 1381 est
1183 1318 1655 1385 animadvertere
1705 1322 2060 1387 custodibus
2112 1326 2217 1410 qui
2274 1348 2310 1390 a
2347 1329 2535 1415 magi-

288 1458 480 1517 stratu
534 1450 854 1527 darentur,
893 1453 1218 1531 antequam
1253 1469 1474 1513 munus
1523 1449 1886 1534 suscipiant,
1927 1452 2358 1536 jusjurandum
2408 1478 2538 1520 esse

288 1576 717 1666 praestandum
769 1596 832 1639 se
878 1574 1041 1637 bona
1072 1572 1191 1637 fide
1217 1594 1465 1637 munere
1490 1574 1807 1638 functuros
1834 1598 1980 1640 esse.
2035 1577 2263 1644 Romae
2289 1579 2537 1645 fortasse

289 1728 534 1792 quoque
583 1704 657 1768 ab
708 1703 786 1766 iis
833 1702 941 1787 qui
983 1701 1281 1765 rationem
1315 1702 1739 1786 suffragiorum
1773 1702 2077 1768 habebant
2109 1714 2169 1769 et
2200 1707 2537 1773 referebant

289 1832 589 1899 eiusmodi
631 1829 1056 1916 jusjurandum
1106 1826 1485 1913 exigebatur-3
1539 1828 1696 1893 nihil
1745 1837 1947 1895 tamen
1996 1832 2070 1896 de
2122 1834 2232 1897 hac
2264 1856 2327 1897 re
2360 1834 2536 1899 nobis

289 1962 583 2027 traditum
631 1965 739 2023 est.

477 2086 910 2152 Animadverto
985 2084 1188 2147 omnia
1253 2106 1406 2167 quae
1475 2084 1553 2147 ad
1602 2086 1885 2170 suffragia
1933 2086 2179 2151 ferenda
2228 2090 2537 2174 pertinent

285 2222 414 2281 tam
463 2220 736 2280 accurate
785 2213 848 2276 in
896 2211 1027 2296 lege
1077 2210 1448 2275 Malacitana
1497 2234 1623 2275 esse
1657 2213 1969 2296 exposita,
2024 2215 2167 2297 quia
2218 2216 2531 2280 cautiones

285 2342 599 2408 adhibitae
669 2362 747 2405 ne
818 2339 982 2402 fraus
1053 2338 1224 2403 fieret
1279 2338 1344 2401 in
1401 2338 1703 2423 suffragiis
1752 2340 2009 2403 comitiis
2074 2340 2368 2421 ferendis»,
2439 2366 2536 2406 me

280 2470 492 2557 judice
514 2520 533 2549 ,
585 2472 939 2554 argumento
989 2472 1130 2529 sunt
1179 2466 1423 2529 comitia
1471 2466 1927 2552 magistratibus
1960 2468 2235 2531 creandis
2262 2475 2531 2554 tempore

284 2620 429 2664 sane
479 2615 813 2661 Dom‘nam
870 2595 934 2659 in
984 2592 1334 2680 municipiis
1375 2593 1613 2657 Latinis
1658 2594 1999 2678 frequentia
2048 2593 2254 2660 fuisse.
2303 2596 2536 2662 Redea-

287 2747 428 2790 mus
477 2747 616 2789 vero
665 2723 744 2788 ad
792 2723 984 2808 ipsam
1033 2721 1230 2807 legem
1281 2722 1734 2786 Malacitanam.

474 2861 753 2925 Diribitis
823 2859 1094 2939 tabellis,
1171 2859 1450 2922 custodes
1522 2858 1758 2923 tabulas
1832 2881 1987 2944 quae
2060 2859 2359 2924 rationem
2410 2861 2533 2924 suf·

283 2990 613 3076 fragiorum
703 2988 1020 3053 continent
1107 2987 1489 3072 magistratui
1577 2986 1842 3050 tradunt.
1972 2985 2180 3066 Quum
2262 2988 2534 3051 omnium

286 3117 593 3182 curiarum
639 3115 884 3180 tabulae
933 3115 989 3178 ei
1037 3115 1261 3179 relatae
1311 3122 1492 3191 sunt,
1545 3114 1795 3177 nomina
1846 3114 2151 3178 curiarum
2202 3113 2266 3176 in
2316 3120 2536 3178 sortem

285 3245 580 3330 conjicere
661 3243 872 3319 debet,
957 3241 1281 3327 proutique
1362 3242 1610 3305 nomina
1691 3240 1931 3327 singula
2015 3247 2174 3304 sorte
2240 3241 2531 3317 exierint,

283 3371 672 3458 pronuntiari
731 3370 907 3454 jubet
939 3369 988 3452 ²)
1055 3392 1206 3454 quos
1272 3392 1341 3433 ea
1389 3370 1554 3434 curia
1600 3369 1828 3433 fecerit.
1926 3369 2177 3432 Sortitio
2238 3369 2345 3433 illa
2394 3391 2536 3432 sane

288 3522 409 3563 usu
481 3499 683 3576 venit,
752 3519 828 3561 ne
877 3495 1127 3560 arbitrio
1175 3496 1359 3561 IIviri
1409 3497 1793 3580 relinquatur
1840 3495 1987 3559 ordo
2034 3495 2537 3573 renuntiationiS,

285 3649 490 3711 neque
538 3632 740 3689 tamen
788 3633 1036 3710 propter
1086 3625 1242 3688 hanc
1289 3622 1479 3688 solam
1531 3646 1774 3688 causam
1824 3624 2194 3708 praescripta
2219 3629 2365 3687 erat.
2418 3627 2534 3686 Ae-

283 3753 539 3838 quitatis
605 3774 822 3830 causa,
890 3753 1140 3837 opinor,
1203 3752 1290 3815 ita
1335 3758 1579 3815 cautum
1631 3757 1758 3814 erat
1773 3778 1791 3831 3
1847 3773 1921 3814 ex
1979 3751 2099 3814 alio
2158 3750 2319 3814 enim
2378 3750 2532 3835 legis

280 3880 508 3967 placito
557 3879 870 3964 apparebit
916 3901 1040 3942 non
1091 3880 1364 3943 omnium
1414 3879 1722 3942 curiarum
1770 3878 2063 3943 rationem
2113 3900 2348 3963 semper
2381 3877 2536 3942 reci-

427 4099 462 4159 ¹)
531 4099 602 4148 Cf.
639 4111 782 4147 mou.
821 4111 956 4146 cass,
990 4097 1096 4147 Lib.
1135 4098 1214 4146 55.
1236 4097 1354 4161 Cap.
1376 4099 1404 4148 8
1442 4100 1490 4146 et
1527 4110 1821 4146 sunronrun
1858 4097 1908 4146 in
1945 4098 2045 4146 vita
2084 4096 2274 4147 Claudii
2308 4096 2426 4160 Cap.
2457 4097 2539 4144 18.

367 4171 372 4180 ’
422 4183 462 4244 2)
531 4183 652 4232 Vide
704 4183 820 4248 Cap.
876 4181 937 4231 57
993 4182 1112 4246 legis
1165 4182 1500 4232 Malacitanae.
1562 4183 1884 4232 Pronuntiare
1914 4183 2055 4246 jubet
2107 4182 2416 4245 magistratus
2454 4181 2538 4244 qui

280 4284 564 4334 praeconem
595 4268 734 4331 jubet
766 4267 1043 4317 renuntiare
1079 4284 1197 4331 quos
1234 4268 1368 4318 curia
1410 4269 1604 4328 fecerit3
1642 4269 1703 4317 cf.
1740 4267 1896 4334 Caput
1933 4269 1960 4319 7
1984 4267 2176 4317 tabulae
2198 4266 2531 4316 Heracleensis

282 4361 426 4416 (zan,
463 4369 545 4401 nc.
583 4353 751 4412 1682).
788 4357 836 4401 et
872 4353 930 4401 ad
966 4351 1092 4401 hunc
1124 4341 1290 4401 ‘locum
1327 4365 1578 4401 nxacxsen
1620 4355 1805 4403 Observ.
1852 4354 1919 4418 qd
1948 4354 2047 4402 tab.
2083 4355 2275 4418 Her.p.
2306 4354 2387 4401 68.
2423 4350 2543 4399 Ani·

279 4438 678 4488 madvertendum
715 4438 860 4486 verba
882 4438 1222 4497 „renuntiato”
1245 4438 1292 4485 in
1316 4438 1486 4502 Capite
1511 4439 1574 4486 56
1605 4440 1723 4502 leyis
1759 4439 1882 4488 Mal.
1910 4443 1958 4487 et
1984 4438 2321 4503 „pronuntiari
2344 4435 2544 4484 iubeto’2

278 4526 328 4573 in
366 4524 535 4589 Capite
576 4521 638 4574 57
676 4524 734 4573 ad
773 4524 971 4573 eandem
1007 4524 1416 4572 renuntiationem
1453 4526 1687 4587 spectare.

2175 4618 2258 4680 83}
