3027 5263
1575 555 1661 614 34

494 775 682 838 caque
744 755 1010 837 potestas
1073 753 1198 813 esto
1257 753 1679 833 praeterquam
1744 745 1819 809 de
1878 745 2180 830 praefecto
2229 745 2630 832 relinquendo
2681 753 2751 813 et

493 882 568 945 de
633 881 876 945 civitate
939 877 1214 942 Romana
1278 873 1729 960 consequenda,
1784 873 1948 960 quod
1989 874 2091 959 jus
2142 896 2420 960 quaeque
2474 883 2754 962 potestas

496 1009 610 1072 hac
657 1007 794 1091 lege
840 1004 1052 1070 IIviris
1103 1003 1210 1089 qui
1254 1003 1378 1088 juri
1427 1002 1692 1066 dicundo
1742 1007 2065 1087 praeerunt
2113 1001 2329 1066 datur''
2362 1003 2427 1088 ¹).
2476 1003 2573 1067 Ex
2633 1004 2755 1068 hac

494 1133 764 1198 clausula
828 1140 1078 1218 apparet·
1139 1131 1406 1195 IIviratu
1473 1129 1689 1192 saltem
1752 1128 2016 1214 gerendo
2081 1129 2388 1194 civitatem
2452 1131 2753 1216 consequi

494 1262 762 1347 potuisse
811 1259 1251 1345 Salpensanos3
1305 1279 1441 1320 cum
1493 1263 1696 1320 autem
1747 1261 1979 1320 constet
2012 1257 2074 1320 in
2112 1257 2467 1322 civitatibus
2498 1264 2751 1324 tantum

491 1388 733 1454 Latinis
807 1353 1170 1473 magistratu
1243 1383 1507 1471 gerendo
1559 1384 1868 1448 civitatem
1918 1383 2149 1468 acquiri
2173 1385 2256 1468 ²),
2308 1405 2387 1449 ex
2436 1385 2549 1450 hoc
2594 1386 2753 1473 legis

495 1514 708 1602 Capite
777 1513 1175 1600 probabiliter
1222 1513 1396 1597 sequi
1447 1511 1725 1588 videtur,
1774 1510 2125 1595 Salpensam
2196 1520 2357 1577 certe
2405 1512 2755 1580 Latinitate

497 1663 628 1708 esse
676 1664 876 1706 usam.

683 1769 1042 1833 Sufficerent
1089 1766 1342 1830 fortasse
1391 1765 1466 1829 ad
1517 1765 1866 1850 opinionem
1931 1787 2125 1830 meam
2176 1765 2251 1832 de
2307 1767 2445 1852 jure
2494 1767 2752 1832 urbium

495 1903 840 1960 nostrarum
913 1893 1449 1984 commendandam
1516 1894 1647 1980 ipsa
1711 1893 1861 1979 legis
1910 1893 2128 1972 verba,
2180 1893 2409 1980 quippe
2456 1917 2613 1980 quae
2660 1919 2755 1962 se-

499 2021 772 2087 cundum
818 2021 1021 2106 ipsum
1070 2041 1273 2085 zuMP‘r
1322 2021 1504 2085 talem
1556 2021 2018 2106 explicationem
2050 2022 2445 2108 permittant3
2500 2045 2755 2110 magno-

499 2171 643 2236 pere
693 2171 829 2214 vero
873 2149 1149 2213 firmatur
1197 2150 1500 2212 sententia
1548 2147 1659 2212 illa
1708 2171 1777 2212 eo
1826 2149 1993 2232 quod
2040 2148 2105 2213 in
2154 2148 2399 2235 legibus
2445 2148 2520 2214 de
2567 2173 2755 2236 repu-

501 2275 660 2340 blica
730 2275 1102 2340 Malacitana
1173 2282 1234 2339 et
1281 2275 1653 2368 Salpensana
1699 2275 1879 2356 latis,
1940 2297 2089 2360 quas
2137 2275 2297 2360 leges
2347 2277 2753 2363 municipales

505 2427 631 2469 esse
704 2403 1023 2480 novimuS,
1097 2426 1340 2489 prorsus
1410 2402 1650 2468 nullum
1699 2403 2009 2467 invenitur
2056 2409 2449 2490 praeceptum
2494 2406 2757 2470 munici-

497 2531 680 2616 pibus
732 2530 968 2594 civibus
1015 2529 1303 2594 Romanis
1353 2529 1600 2608 datum3
1660 2551 1860 2614 neque
1908 2529 2226 2615 objiciatur
2274 2531 2351 2594 ad
2392 2555 2499 2596 eos
2546 2533 2749 2620 legem

493 2660 722 2725 Juliam
813 2659 1240 2743 municipalem
1329 2660 1665 2743 pertinere,
1740 2682 1883 2724 nam
1959 2660 2271 2744 complura
2342 2662 2543 2747 capita
2614 2663 2749 2727 eius

493 2788 648 2872 legis
697 2788 774 2851 ad
822 2786 1048 2872 oppida
1093 2792 1338 2851 tantum
1410 2807 1575 2871 quae
1622 2787 1689 2850 in
1754 2786 1939 2851 Italia
1986 2794 2185 2851 essent
2239 2794 2510 2874 spect-are
2563 2791 2751 2857 notis·

504 2916 657 2977 sima
703 2936 799 2978 res
849 2920 958 2977 est.

693 3040 793 3105 Ad
843 3040 1038 3106 IIIum.
1137 3040 1421 3127 Superest
1469 3040 1737 3127 denique
1786 3046 1857 3105 ut
1905 3040 2219 3107 ostendam
2269 3064 2515 3129 prorsus
2557 3066 2752 3109 errare

505 3177 812 3234 auctorem
885 3169 1352 3234 contendentem
1401 3170 1700 3235 Malacam
1750 3176 1813 3235 et
1858 3168 2211 3257 Salpensam
2262 3170 2442 3237 urbes
2490 3172 2754 3237 foedera-

503 3304 636 3375 tas,
692 3298 745 3361 si
795 3298 1168 3382 accepissent
1215 3297 1653 3378 Latinitatem,
1703 3298 1878 3364 nullo
1911 3298 2198 3363 beneficio
2233 3300 2473 3363 affectas
2521 3299 2749 3380 fuisse3

500 3425 625 3489 imo
677 3424 1074 3487 mutationem
1107 3430 1349 3488 tantum
1397 3424 1656 3489 foederis
1706 3432 2047 3511 susceptam
2096 3426 2321 3506 fuisse,
2375 3449 2496 3512 qua
2544 3427 2750 3514 dispu-

500 3552 734 3617 tatione
781 3552 961 3616 nixus
1009 3572 1210 3616 zmm
1259 3554 1579 3637 profitetur
1611 3573 2037 3618 VESPASIANUM
2069 3554 2464 3619 Latinitatem
2498 3554 2751 3620 urbibus

501 3679 726 3744 nostris
775 3678 1102 3757 obtulisse,
1157 3678 1264 3743 has
1312 3679 1480 3743 illam
1532 3688 1735 3744 tamen
1784 3680 2093 3765 sprevisse.
2148 3681 2216 3745 Si
2262 3689 2467 3745 autem
2498 3682 2750 3767 probare

647 3846 682 3909 1)
755 3848 862 3895 Hoc
915 3847 1125 3911 primum
1179 3847 1288 3897 loco
1325 3848 1470 3898 verba
1524 3848 1684 3913 legum
1735 3848 1961 3905 laudans,
2016 3849 2347 3899 animadverto
2382 3866 2460 3899 me
2500 3849 2753 3899 editionem

497 3931 630 3995 sequi
669 3943 950 3981 nouissimi
983 3931 1034 3981 in
1069 3932 1396 3982 additamento
1437 3932 1637 3997 Operis:
1673 3934 1989 3992 Stadlreckte3
2024 3935 2186 3999 itaque
2221 3935 2303 3983 ubi
2342 3935 2401 3983 ab
2438 3950 2495 3983 eo
2530 3935 2751 3995 discedo,

497 4015 693 4063 notabo.

640 4100 678 4162 ²)
752 4099 861 4152 Vid.
899 4100 1043 4150 verba
1079 4114 1285 4151 assos-11
1321 4102 1380 4152 ad
1405 4114 1705 4151 nlcmssomm
1733 4102 1785 4151 in
1810 4103 2023 4153 Pisonem
2048 4120 2153 4169 cap.
2178 4104 2207 4152 3
2238 4104 2318 4153 ubi
2344 4104 2401 4153 de
2422 4118 2505 4153 cu.
2528 4118 2752 4155 POHPBIO

490 4187 558 4235 tai
610 4184 855 4249 loquitur:
911 4187 1207 4245 „Veteribus
1259 4188 1430 4237 incolis
1484 4188 1560 4237 ius
1596 4188 1729 4238 dedit
1772 4189 1923 4248 Latii,
1961 4195 2015 4238 ut
2052 4194 2247 4253 possent
2280 4190 2457 4239 habere
2487 4190 2591 4253 jus,
2630 4191 2753 4255 quod

493 4272 677 4320 ceterae
729 4270 924 4320 Latinae
968 4271 1217 4330 coloniae,
1277 4273 1326 4321 id
1383 4277 1481 4331 est,
1537 4277 1591 4322 ut
1627 4274 1833 4336 gerendo
1872 4274 2178 4338 magistratus
2216 4274 2456 4323 civitatem
2492 4275 2756 4325 Romanam

495 4355 927 4419 adipiscerentur.”
981 4356 1041 4405 cf.
1097 4370 1390 4415 Amanum,
1450 4360 1508 4407 de
1560 4358 1701 4408 Bello
1760 4360 1853 4409 Cio.
1897 4360 1963 4409 ΙΙ.
2002 4360 2091 4417 26,
2131 4360 2209 4423 qui
2248 4360 2305 4408 de
2342 4360 2431 4409 hoc
2462 4360 2572 4423 jure
2608 4361 2747 4410 dicite

498 4442 659 4507 ,τόδε
697 4440 808 4513 γὰρ
850 4438 1026 4513 ἰσχύει
1065 4444 1129 4495 τὸ
1170 4439 1401 4496 Λάτιον.”
