3027 5263
1313 596 1433 657 111

235 792 428 857 tuisse
476 791 542 855 in
586 789 887 875 suffragiis
935 787 1196 853 ferendis
1215 811 1234 866 ;
1295 788 1478 851 huius
1528 787 1649 852 loci
1704 794 1795 852 est
1860 768 2283 875 argumentum
2339 791 2496 857 illud

237 941 562 1007 exponere.

425 1048 634 1128 Quum
686 1044 812 1108 dies
859 1043 1120 1108 comitiis
1169 1042 1466 1107 habendis
1495 1043 1731 1107 edictus
1774 1044 1814 1127 ¹)
1854 1042 2393 1120 advenerit‚I[vir
2418 1068 2493 1109 ex

233 1175 426 1240 curiis
471 1196 655 1237 unam
707 1179 866 1235 sorte
916 1172 1087 1235 ducit
1137 1172 1198 1234 in
1253 1193 1374 1255 qua
1424 1170 1655 1233 incolae
1708 1172 1997 1254 suffragia
2032 1170 2181 1234 ferre
2208 1172 2489 1255 possint,

233 1325 363 1387 quo
412 1302 570 1365 facto
643 1301 982 1383 municipes
1047 1298 1328 1362 curiatim
1378 1297 1454 1361 ad
1505 1298 1857 1381 suffragium
1910 1298 2221 1361 ferendum
2278 1322 2489 1364 vocare

236 1428 436 1492 debet.
513 1426 738 1491 Modus
789 1447 1032 1509 quoque
1085 1426 1386 1488 curiarum
1440 1425 1843 1488 vocandarum
1890 1424 2089 1488 IIviro
2141 1425 2273 1509 lege
2326 1448 2489 1509 prae·

238 1554 547 1618 scribitur.
600 1551 816 1631 „1ta,”
851 1551 1024 1635 (legis
1057 1550 1234 1613 verba
1263 1552 1459 1633 sunt),
1498 1557 1755 1627 „vocato
1784 1556 1852 1613 ut
1879 1574 2001 1613 uno
2036 1558 2247 1613 vocatu
2279 1573 2484 1616 omnes

232 1680 434 1745 curias
479 1680 544 1743 in
595 1678 950 1761 suffragium
1001 1684 1171 1740 vocet
1213 1698 1436 1759 eaeque
1463 1676 1737 1761 singulae
1762 1677 1826 1739 in
1854 1676 2110 1760 singulis
2138 1678 2479 1762 consaeptis

230 1808 586 1891 suffragium
659 1828 766 1891 per
831 1804 1114 1869 tabellam
1179 1806 1373 1868 ferant
1404 1804 1519 1887 2).’'
1614 1804 2005 1868 Conveniunt
2054 1805 2203 1868 haec
2252 1806 2480 1889 placita

241 1956 384 1997 cum
433 1936 662 1997 ratione
712 1933 982 2017 suffragii
1029 1932 1264 1995 ferendi
1316 1932 1379 1994 in
1430 1932 1696 1995 comitiis
1745 1930 1993 1994 tributis
2042 1931 2292 1995 Romae.

420 2059 770 2144 Municipes
841 2058 918 2121 ad
991 2058 1345 2142 suffragium
1419 2056 1735 2120 ferendum
1802 2064 2093 2121 vocantur
2160 2060 2480 2135 curialim3

232 2185 460 2251 viritim
533 2185 760 2270 singuli
833 2186 1172 2269 municipes
1247 2186 1311 2248 in
1377 2184 1530 2269 ipsis
1598 2184 1782 2247 curiis
1831 2185 2181 2269 suffragium
2231 2185 2479 2263 ferunt,

230 2335 506 2398 quosque
572 2314 761 2396 major
807 2334 945 2396 pars
993 2333 1202 2375 eorum
1251 2310 1639 2395 magistratus
1694 2311 1986 2395 elegerit,
2056 2334 2155 2375 eos
2204 2312 2478 2396 singulae

233 2440 437 2503 curiae
462 2485 480 2514 ‚
509 2459 698 2521 quum
725 2438 800 2500 ad
827 2437 1178 2521 suffragium
1205 2437 1404 2500 ferend
1417 2460 1516 2499 um
1545 2446 1835 2500 vocantur
1853 2489 1870 2516 ‚
1897 2438 2313 2522 magistratum
2334 2440 2479 2503 faci·-

225 2572 363 2631 unt.
413 2566 642 2628 Eodem
677 2565 855 2627 modo
897 2565 1128 2627 Romae
1167 2566 1231 2627 in
1284 2564 1549 2627 comitiis
1600 2564 1846 2628 tributis
1882 2566 2167 2650 suffragia
2201 2565 2479 2630 tributim

225 2693 574 2758 ferebantur
609 2693 676 2777 ³).
727 2693 1045 2756 Vocantur
1094 2693 1296 2756 curiae
1346 2715 1555 2756 omnes
1605 2714 1726 2755 uno
1779 2701 2042 2768 vocatu,
2097 2693 2185 2755 ita
2238 2699 2307 2756 ut
2358 2716 2482 2756 om-

221 2843 336 2885 nes
386 2821 592 2884 eodem
644 2827 916 2905 tempore
963 2820 1314 2904 suffragium
1365 2819 1594 2896 ferant,
1646 2820 1809 2903 quod
1855 2821 1921 2882 in
1972 2821 2233 2883 comitiis
2282 2819 2481 2884 tribu-

223 2946 314 3010 tis
361 2947 590 3010 Romae
637 2969 880 3031 quoque
928 2947 1200 3010 evenisse
1250 2965 1581 3009 moNYsms
1631 2951 1886 3008 testatur
1920 2945 1989 3027 4).

415 3074 780 3158 Magistratu
816 3081 1093 3148 vocante,
1146 3071 1482 3156 municipes
1540 3078 1715 3134 antea
1751 3071 2004 3154 sparsim
2039 3077 2099 3133 et
2132 3072 2480 3154 promiscue

221 3198 534 3264 adstantes
581 3198 998 3262 discurrebant
1045 3199 1110 3260 in
1161 3197 1359 3260 curias
1385 3222 1405 3273 3
1441 3191 1733 3281 *singulae
1794 3197 1927 3260 loca
1975 3205 2246 3282 separata
2298 3197 2480 3261 habe·

221 3326 378 3391 bant
448 3324 554 3388 ubi
627 3326 984 3411 suffragium
1033 3325 1292 3402 ferrent,
1345 3347 1498 3408 quae
1548 3324 1679 3411 lege
1728 3323 2099 3389 Malacitana
2149 3337 2476 3413 consaepta

221 3458 543 3518 vocantur.

409 3578 626 3661 Saepta
673 3577 902 3640 Romae
950 3583 1076 3640 erat
1124 3577 1294 3641 locus
1345 3578 1690 3663 auspicatus
1736 3585 1801 3641 et
1826 3578 2097 3640 inclusus
2140 3578 2205 3640 in
2242 3577 2475 3662 Campo

213 3703 451 3768 Martio
467 3752 486 3781 ,
541 3703 649 3767 ubi
699 3704 948 3767 comitia
998 3703 1398 3768 habebantur.

409 3830 487 3894 In
555 3831 820 3918 comitiis
883 3831 1238 3895 centuriatis
1305 3830 1603 3896 habendis
1672 3829 1983 3894 verisimile
2051 3837 2141 3893 est
2200 3830 2475 3914 singulas

351 4139 400 4201 '¹)
471 4138 649 4187 Romae
684 4155 871 4202 quoque
907 4141 1000 4189 hoc
1035 4157 1124 4189 usu
1147 4145 1390 4205 receptum
1426 4143 1573 4190 fuisse
1598 4146 1763 4192 notum
1788 4146 1882 4202 θοις
1915 4142 2011 4192 vid.
2034 4155 2243 4202 mvnsu,
2278 4143 2378 4192 Lib.
2410 4143 2467 4200 6,

219 4226 348 4289 Cap.
380 4225 443 4282 43
483 4223 543 4270 cf.
581 4235 842 4280 osunen,
875 4225 1010 4272 Noct.
1051 4227 1149 4274 Ali.
1185 4225 1289 4273 Lib.
1331 4225 1418 4282 13,
1458 4226 1566 4289 Cap.
1611 4227 1690 4274 15.

348 4309 401 4372 2)
477 4305 583 4355 vid.
623 4306 740 4369 Cap.
781 4309 842 4353 55
885 4309 1000 4370 leqis
1035 4310 1158 4358 Mac.
1196 4309 1254 4357 cf.
1294 4309 1410 4372 Cap.
1451 4311 1535 4358 52.

353 4391 396 4450 3)
470 4390 543 4438 Cf.
598 4403 910 4450 nioxrsmu,
958 4393 1062 4443 Lib.
1103 4392 1156 4450 7,
1198 4393 1312 4457 Cap.
1353 4395 1415 4441 59
1454 4395 1536 4443 nbi
1584 4395 1725 4443 verba
1762 4394 1986 4458 leguntur
2024 4392 2213 4453 „Kar-d
2253 4391 2473 4463 φυλάς.”

353 4481 397 4541 4)
470 4482 656 4528 Auctor
693 4481 783 4531 1.1.
822 4483 959 4531 dicits
1003 4486 1141 4556 »μιᾷ
1183 4483 1397 4556 κλήσεε.”
