3027 5263
1544 537 1669 597 138

483 725 640 811 legis
688 725 1091 811 Salpensanae
1123 748 1160 790 a
1189 724 1384 791 IIviro
1431 722 1793 810 municipali
1841 723 2288 803 instituuntur,
2323 726 2431 811 qui
2462 725 2751 793 absentia

481 852 840 938 prohibetur
885 875 1006 937 quo
1053 853 1256 919 minus
1303 872 1555 917 munere
1586 873 1699 917 suo
1728 850 2046 936 fungatur.
2121 850 2221 917 Ad
2254 851 2370 917 hoc
2402 852 2746 937 praefecto-

484 1001 623 1043 rum
655 1001 767 1064 pro
789 979 1010 1044 IIviris
1044 980 1364 1045 discrimen
1387 1002 1513 1044 non
1546 978 1811 1043 attendit
1834 997 2071 1055 πως
2106 978 2337 1043 omittit
2358 1002 2614 1065 prorsus
2636 1003 2747 1047 eos

486 1106 596 1191 qui
641 1128 678 1170 a
709 1106 908 1173 Hviro
959 1130 992 1171 e
1023 1108 1361 1193 municipio
1412 1106 1829 1191 proficiscente
1870 1106 1913 1189 ¹)
1966 1104 2435 1190 relinquuntur,
2466 1108 2743 1192 praefec-

484 1239 700 1319 tosque
731 1235 1066 1300 Hvirorum
1098 1234 1460 1321 generaliter
1481 1257 1557 1299 ex
1588 1234 1723 1320 lege
1746 1234 2039 1299 Petronia
2067 1240 2296 1301 creatos
2321 1257 2449 1299 esse
2471 1237 2745 1320 putavit.

672 1361 767 1426 De
839 1361 1088 1427 diversis
1135 1384 1378 1447 quoque
1426 1362 1622 1425 causis
1671 1360 1833 1446 leges
1904 1361 2193 1425 Petronia
2254 1366 2318 1426 et
2365 1361 2747 1447 Salpensana

487 1495 696 1573 agunt.
744 1488 842 1553 Ex
887 1489 996 1553 illa
1042 1489 1208 1555 enim
1255 1488 1547 1575 praefecti
1596 1487 1975 1573 eligebantur
2024 1510 2164 1553 cum
2210 1488 2375 1553 IIvir
2422 1489 2491 1553 in
2538 1469 2747 1555 muniss

487 1614 647 1699 cipio
699 1616 947 1701 quidem
994 1616 1238 1695 aderat,
1272 1638 1472 1701 neque
1502 1621 1707 1680 tamen
1743 1636 1855 1683 suo
1890 1636 2141 1680 munere
2170 1615 2347 1701 fungi
2378 1622 2623 1701 poterat
2652 1616 2709 1703 ²)
2722 1642 2743 1696 3

486 1740 586 1806 vel
643 1742 699 1805 si
763 1742 1012 1807 comitia
1078 1742 1289 1807 haberi
1354 1766 1479 1807 non
1530 1748 1855 1827 potuerant
1889 1742 1935 1828 ³)
1949 1768 1968 1821 3
2024 1742 2125 1807 lex
2170 1742 2549 1827 Salpensana
2594 1766 2744 1809 vero

487 1866 759 1935 IIvirum
794 1869 904 1951 qui
950 1869 1254 1953 posterior
1299 1869 1705 1953 municipium
1752 1868 2082 1953 relinquit,
2136 1891 2217 1933 sc.
2270 1869 2379 1953 qui
2418 1869 2565 1934 inde
2605 1892 2746 1955 pro·

488 1992 781 2057 ficiscitur
849 1999 1174 2078 postquam
1223 1993 1456 2079 collega
1497 1995 1629 2079 jam
1676 1995 1867 2074 abiit,
1944 1996 2109 2059 hunc
2156 1996 2211 2059 si
2260 1994 2473 2061 eodem
2522 1996 2622 2061 die
2680 2020 2744 2062 se

487 2118 826 2185 rediturum
873 2140 998 2185 non
1047 2142 1176 2185 esse
1221 2126 1431 2205 putet,
1476 2121 1851 2206 praefectum
1882 2122 2225 2206 relinquere
2250 2121 2449 2207 jubet.
2546 2124 2743 2189 Plane

491 2246 779 2313 convenit
847 2246 950 2311 hic
1020 2246 1362 2333 praefectus
1410 2269 1550 2312 cum
1598 2248 1852 2332 antiquo
1900 2248 2205 2332 praefecto
2280 2248 2417 2314 urbi
2466 2250 2701 2315 Romae
2721 2299 2742 2329 ,

489 2374 598 2457 qui
644 2373 825 2439 etiam
846 2421 865 2451 ‚
913 2378 1129 2437 neutro
1175 2372 1422 2438 consule
1482 2379 1795 2458 praesente
1844 2374 2062 2439 horum
2094 2396 2341 2439 munere
2372 2375 2703 2441 functurus
2723 2426 2742 2457 ‚

491 2498 568 2565 ab
617 2500 910 2565 alterutro
959 2506 1099 2565 ante
1148 2523 1326 2586 quam
1378 2500 1576 2565 Roma
1622 2500 2103 2586 proficisceretur
2149 2501 2487 2587 eligebatur
2520 2503 2593 2585 4).

677 2627 1056 2693 Lassomm
1126 2628 1551 2694 animadvertit
1598 2628 1951 2694 institutum
1999 2628 2440 2714 praefectorum
2487 2629 2739 2718 Salpen-

492 2776 594 2819 sae
663 2755 1070 2820 necessarium
1133 2776 1260 2819 non
1307 2755 1489 2820 fuisse
1558 2755 1705 2839 quia
1767 2755 1855 2819 ibi
1919 2755 2171 2819 aderant
2233 2754 2480 2820 aediles.
2582 2756 2741 2822 Cum

492 2880 656 2946 enim
719 2901 920 2946 zum
968 2881 1438 2947 demonstrasset
1483 2883 1553 2946 in
1602 2881 2016 2968 compluribus
2066 2881 2417 2968 municipiis
2464 2883 2573 2948 ubi
2619 2906 2742 2950 me·

493 3016 808 3076 morantur
877 3009 1124 3088 IVviri,
1200 3011 1420 3076 horum
1485 3009 1639 3075 duos
1708 3009 1898 3075 fuisse
1969 3009 2202 3075 IIviros
2258 3010 2383 3094 juri
2430 3008 2737 3092 dicundo,

494 3329 613 3378 bant
647 3329 854 3378 Romani
889 3328 929 3377 ai
965 3345 1126 3379 servos
1162 3345 1272 3379 suos
1309 3331 1420 3380 feris
1456 3330 1753 3394 objiciendos
1791 3332 2051 3379 censerent.
2122 3329 2319 3378 Rectius
2355 3329 2414 3378 de
2466 3328 2560 3378 hoc
2602 3344 2739 3393 argu·

493 3416 657 3463 mento
703 3425 871 3462 auum·
903 3413 973 3476 (in
1012 3414 1258 3465 Commeat.
1311 3415 1565 3480 Epiqrapk.
1620 3430 1667 3479 p.
1706 3415 1928 3477 58-62)
1962 3414 2329 3472 animadvertit,
2370 3429 2481 3463 cum
2514 3414 2738 3479 praefecti

493 3513 553 3548 ex
605 3498 708 3564 lege
759 3497 984 3548 Petronia
1044 3503 1395 3559 memorentur,
1465 3498 1655 3564 saepius
1708 3499 1874 3550 addita
1926 3514 2027 3548 esse
2078 3499 2226 3548 verba
2277 3513 2369 3557 „ex
2424 3498 2737 3548 decurionum

496 3582 720 3632 decreto”
773 3581 898 3640 (vide
950 3599 995 3634 v.
1040 3600 1088 3648 g.
1139 3583 1366 3646 Inscript.
1406 3597 1592 3632 onnam
1641 3598 1722 3633 no.
1758 3581 1954 3641 awa),
2010 3583 2135 3630 unde
2188 3584 2351 3630 tamen
2391 3597 2488 3630 uon
2526 3583 2738 3646 sequitur

494 3666 586 3716 hos
609 3667 874 3732 praefectos
905 3667 1024 3716 adeo
1050 3667 1296 3717 deflectere
1332 3685 1360 3716 a
1396 3667 1635 3718 communi
1672 3667 2023 3731 praefectorum
2060 3668 2233 3715 natura
2256 3669 2310 3716 ut
2334 3681 2362 3715 a
2395 3665 2529 3715 ouria
2564 3667 2739 3730 eligan-

495 3754 598 3810 tur,
637 3752 710 3800 uti
746 3751 900 3801 voluit
933 3765 1119 3802 121113018
1153 3752 1205 3800 in
1263 3753 1346 3814 Op.
1383 3754 1416 3800 l.
1453 3767 1502 3816 p.
1544 3752 1662 3810 122,
1724 3752 1848 3809 1233
1901 3751 1999 3799 imo
2036 3751 2228 3799 decreto
2265 3749 2579 3799 decurionum
2616 3751 2738 3800 indi-

495 3835 695 3885 cabatur
735 3836 928 3886 comitia
969 3836 1134 3886 haberi
1169 3851 1264 3885 non
1289 3835 1531 3900 potuisse,
1566 3835 1771 3901 ideoque
1798 3835 2049 3900 praefectis
2072 3833 2252 3897 exlege
2276 3833 2505 3883 Petronia
2524 3835 2738 3884 creandis

496 3935 620 3984 opus
655 3934 777 3969 esse.

641 4003 679 4066 ¹)
752 4004 912 4054 Miror
954 4020 1044 4070 eoa
1096 4020 1285 4070 quoque
1336 4005 1496 4055 omitti
1548 4021 1575 4054 a
1613 4004 1716 4054 viro
1752 4018 1883 4053 cons.
1921 4017 1968 4053 v,
2010 4016 2156 4061 mun,
2196 4002 2323 4065 (vide
2362 4018 2415 4067 p.
2447 4003 2530 4054 42.
2568 4003 2747 4068 Opusc.

494 4090 917 4155 Beeckouwinqen,
974 4092 1096 4150 cet‚)
1144 4091 1230 4155 qui
1282 4091 1385 4156 ipse
1439 4090 1896 4140 commentationem
1930 4089 1989 4138 de
2028 4087 2195 4138 tabula
2229 4087 2527 4138 Malacitana
2562 4092 2611 4138 et
2645 4089 2745 4140 Sal-

499 4190 712 4240 pensana
750 4174 1052 4239 conscripsit.

639 4260 684 4326 2)
754 4260 840 4310 Uti
876 4259 1029 4311 voluit
1065 4272 1319 4310 nonusis-N
1354 4260 1648 4311 Stadtreohte
1683 4275 1733 4325 p.
1768 4258 1885 4312 447.

639 4345 678 4407 ³)
749 4345 821 4395 Cf.
858 4359 1044 4398 nuno1s
1079 4345 1128 4394 in
1169 4345 1258 4408 Op.
1294 4347 1328 4394 l.
1364 4361 1413 4409 p.
1451 4345 1565 4395 122.

635 4429 679 4493 4)
751 4430 872 4484 Vide
909 4430 1036 4481 Dias.
1073 4446 1118 4495 p.
1159 4429 1252 4480 135
1291 4431 1393 4482 not.
1431 4428 1479 4480 7.
