3027 5263
1668 633 1753 694 68

583 841 786 897 tamen
835 853 870 894 a
918 828 1128 893 ceteris
1176 847 1301 892 non
1351 821 1710 889 differebant
1744 823 1812 906 ¹).
1910 820 2061 886 Non
2093 825 2333 885 tant-um
2362 820 2595 886 Romae
2628 845 2857 890 verum

583 958 764 1024 etiam
821 957 886 1021 in
932 952 1283 1039 municipiis
1328 956 1741 1016 memorantur
1788 947 2019 1034 pedarii
2036 973 2057 1027 3
2106 947 2455 1013 inferiorem
2512 949 2707 1014 etiam
2755 951 2854 1015 lo-

583 1107 724 1149 cum
771 1083 851 1148 iis
900 1084 1007 1168 qui
1055 1083 1476 1167 magistratum
1526 1081 1837 1164 gesserant
1885 1074 1973 1138 ibi
2017 1097 2340 1160 occupasse
2397 1075 2687 1160 pedarios
2738 1077 2850 1142 do·

583 1216 678 1276 cet
725 1209 932 1275 album
980 1208 1393 1286 Canusinam,
1445 1205 1555 1269 ubi
1602 1203 1853 1269 nomina
1885 1224 2095 1267 eorum
2125 1209 2587 1288 postponuntur
2617 1203 2701 1268 iis
2735 1205 2852 1291 qui

579 1337 703 1402 sive
751 1335 939 1400 IIviri
985 1335 1113 1399 sive
1160 1333 1386 1399 aediles
1435 1332 1562 1395 sive
1615 1335 1958 1415 quaestores
2006 1328 2246 1392 fuerant
2278 1328 2353 1413 ²).

765 1463 845 1527 In
893 1463 1029 1527 albo
1096 1459 1457 1545 municipali
1506 1461 1711 1522 autem
1783 1455 2137 1520 decuriones
2184 1454 2523 1520 secundum
2572 1456 2851 1544 dignita·

580 1598 702 1657 tem
749 1589 1070 1676 inscriptos
1115 1587 1298 1652 fuisse
1345 1604 1651 1650 nummus
1698 1589 1954 1648 testatur
1986 1582 2033 1666 ³)
2058 1630 2076 1659 ,
2123 1581 2231 1647 ubi
2278 1582 2459 1646 dicit:
2529 1583 2843 1662 „Decuri-

579 1739 724 1781 ones
770 1717 838 1780 in
885 1715 1022 1780 albo
1070 1715 1159 1778 ita
1205 1713 1461 1797 scriptos
1510 1733 1638 1776 esse
1688 1715 1925 1797 oportet
1972 1716 2043 1772 ut
2090 1709 2221 1794 lege
2256 1711 2625 1795 municipali
2665 1734 2839 1797 prae·

582 1844 841 1930 cipitur,
891 1841 1029 1919 sed,
1093 1840 1144 1904 si
1188 1838 1289 1904 lex
1350 1843 1544 1902 cessat
1608 1843 1755 1902 tunc
1802 1836 2134 1922 dignitates
2199 1842 2379 1900 erunt
2426 1839 2838 1922 spectandae,

585 1976 655 2035 ut
701 1969 1042 2033 scribant-ur
1090 1988 1162 2032 eo
1225 1965 1475 2041 ordine,
1544 1986 1665 2049 quo
1719 1964 1972 2049 quisque
2030 1984 2237 2028 eorum
2285 1963 2551 2028 maximo
2602 1965 2834 2032 honore

581 2097 645 2160 in
698 2093 1028 2180 municipio
1076 2092 1324 2156 functus
1371 2095 1499 2156 estz
1551 2097 1701 2176 puta
1750 2090 1858 2174 qui
1907 2089 2361 2153 duumviratum
2408 2099 2731 2174 gesserunt
2774 2092 2833 2156 si

579 2223 678 2288 hic
726 2222 920 2286 honor
969 2219 1290 2306 praecellat
1355 2225 1414 2282 et
1463 2219 1626 2282 inter
1698 2216 2109 2282 duumvirales
2158 2218 2617 2300 antiquissimus
2668 2220 2834 2305 quis-

582 2371 702 2435 que
748 2348 913 2434 prior
927 2371 945 2424 3
1019 2345 1238 2409 deinde
1286 2344 1354 2408 hi
1404 2344 1515 2429 qui
1564 2343 1832 2407 secundo
1887 2348 2026 2427 post
2089 2341 2544 2407 duumviratum
2600 2344 2836 2412 honore

577 2475 645 2537 in
693 2472 1000 2559 republica
1046 2473 1241 2537 functi
1288 2477 1469 2548 sunt3
1520 2475 1659 2555 post
1708 2490 1808 2534 eos
1857 2469 1966 2553 qui
2000 2469 2182 2532 tertio
2215 2477 2275 2533 et
2309 2469 2629 2556 deinceps3
2684 2494 2831 2538 mox

586 2600 650 2664 hi
702 2598 811 2684 qui
857 2596 1030 2662 nullo
1079 2598 1306 2662 honore
1357 2595 1554 2660 functi
1602 2599 1782 2675 sunt,
1832 2602 2014 2682 prout
2061 2595 2317 2680 quisque
2366 2618 2575 2662 eorum
2622 2598 2689 2663 in
2736 2621 2835 2665 or-

586 2727 790 2791 dinem
857 2722 1085 2788 venit.”
1179 2722 1368 2788 Hisce
1431 2723 1665 2788 ultimis
1732 2722 1926 2787 verbis
2018 2721 2187 2787 Ictus
2244 2723 2463 2789 diserte
2512 2726 2833 2793 confirmat

581 2876 736 2937 quae
786 2852 858 2915 de
908 2850 1206 2937 dignitate
1255 2850 1639 2935 pedariorum
1686 2850 1754 2913 in
1804 2849 2150 2934 municipiis
2199 2849 2530 2936 disputavi.

766 2978 1151 3061 Quibuscum
1239 2979 1435 3063 legem
1508 2977 1942 3062 Salpensanam
2033 2977 2181 3061 Cap.
2260 2980 2346 3042 25
2412 2977 2826 3061 conferenteS‚

577 3106 850 3171 videmus
899 3106 964 3169 in
1015 3105 1444 3170 decurionibus
1491 3104 1717 3181 fuisse,
1769 3104 1876 3188 qui
1926 3126 2049 3168 non
2096 3104 2220 3167 sint
2268 3103 2429 3168 cives
2462 3106 2544 3189 4),
2596 3106 2825 3192 quique

576 3233 766 3319 igitur
825 3232 1099 3295 nondum
1169 3232 1584 3315 magistratum
1632 3231 1964 3316 gesserint,
2013 3252 2191 3315 quOS,
2246 3252 2341 3295 me
2384 3232 2631 3316 judice,
2679 3233 2828 3300 licet

573 3382 798 3423 nomen
846 3358 910 3422 in
959 3357 1187 3422 tabulis
1234 3381 1358 3423 non
1405 3358 1643 3443 legatur
1656 3405 1676 3436 ‚
1722 3357 1985 3444 pedariis
2035 3358 2424 3444 aequiparare
2471 3359 2635 3425 licet.

765 3486 1051 3573 Dignitas
1122 3491 1326 3549 autem
1401 3485 1801 3551 decurionum
1872 3485 2167 3571 imprimis
2240 3486 2628 3572 spectabatur
2690 3510 2829 3554 cum

717 3758 754 3822 ¹)
823 3757 944 3807 Sunt
980 3755 1060 3820 qui
1096 3757 1266 3821 putent
1300 3756 1507 3820 pedariis
1542 3756 1844 3805 senatoribus
1878 3757 2166 3805 sententiam
2202 3756 2359 3806 dicere
2394 3773 2488 3807 non
2512 3756 2727 3817 licuisse,
2758 3760 2828 3810 in·

573 3846 646 3891 ter
698 3858 816 3905 quos
868 3840 963 3890 vid.
1017 3852 1208 3899 PAULY,
1247 3840 1383 3889 Real.
1419 3842 1781 3905 Eacyclopedie,
1821 3842 1868 3889 in
1908 3857 2023 3890 voce
2058 3842 2285 3899 Senatus,
2322 3858 2369 3906 p.
2406 3843 2565 3901 1004,
2593 3844 2725 3907 quod
2760 3846 2828 3894 ta-

577 3941 682 3975 men
727 3941 824 3973 non
879 3928 1022 3989 puto;
1077 3924 1290 3988 quamvis
1337 3926 1623 3973 sententiam
1670 3925 1828 3974 dicere
1873 3925 1931 3973 iis
1986 3925 2178 3974 licuerit
2224 3926 2304 3985 (cf.
2352 3939 2603 3985 norrun,
2654 3931 2829 3979 Annal.

576 4010 681 4061 Lib.
736 4010 795 4070 3,
851 4008 966 4073 Cap.
1017 4009 1128 4069 65),
1184 4009 1467 4072 plerumque
1505 4026 1599 4057 non
1637 4010 1895 4058 utebantur
1940 4009 2027 4057 illo
2060 4009 2195 4073 jure,
2244 4010 2441 4074 pudoris
2478 4026 2534 4059 ac
2571 4012 2828 4062 modestiae

576 4110 742 4153 causa,
780 4093 906 4158 quod
943 4093 1143 4142 tradidit
1179 4107 1450 4143 nioxrsrus
1488 4106 1663 4143 mmo.
1710 4095 1809 4143 Lib.
1848 4091 1877 4143 7
1920 4095 2030 4156 Cap.
2068 4092 2149 4144 47.

711 4178 751 4241 ²)
823 4178 1129 4242 Descriptum
1163 4178 1410 4227 invenitur
1444 4178 1574 4242 apud
1608 4191 1761 4237 zama,
1801 4178 1913 4228 Del.
1937 4176 2200 4236 no.1764‚
2228 4177 2355 4242 apud
2384 4190 2565 4228 08:512.
2602 4182 2825 4247 Immjpt.

580 4280 658 4314 no.
700 4263 852 4315 3721.

712 4346 751 4409 3)
821 4347 878 4395 In
914 4346 1019 4411 lege
1060 4348 1083 4395 l
1123 4362 1198 4411 pr.
1233 4346 1296 4396 D.
1333 4348 1393 4395 de
1425 4348 1534 4396 albo
1568 4348 1705 4397 scrib.
1746 4347 1863 4406 (50,
1903 4348 1969 4405 3).

708 4430 751 4493 ⁴¹)
823 4432 1094 4481 Praefectus
1131 4432 1257 4480 enim
1293 4432 1373 4495 qui
1409 4448 1466 4479 ex
1491 4431 1829 4480 decurionibus
1854 4430 2142 4495 relinquitur
2165 4430 2409 4479 civitatem
2438 4427 2713 4484 Romanam
2734 4451 2825 4486 non

570 4516 878 4581 consequitur
911 4515 1172 4567 secundum
1210 4516 1362 4582 legem
1397 4516 1763 4581 Salpensanam‚
1801 4516 1862 4565 cf.
1899 4531 2044 4579 supra
2083 4514 2208 4563 Diu.
2248 4530 2297 4579 p.
2337 4515 2419 4566 63.
