3027 5263
1145 1653 1387 1752 PARS
1439 1656 1577 1753 [Π.

451 1854 553 1913 ΒΕ
597 1855 634 1912 J
635 1854 788 1914 Um}
829 1853 1160 1914 PUBLICO
1201 1856 1794 1916 MUNICIPIORUM
1838 1855 2266 1918 SALPENSAE

1111 1954 1206 2016 ET
1248 1958 1629 2018 MALAOAE.

422 2573 950 2667 Prasmonendum
1000 2581 1091 2641 est
1139 2577 1344 2643 omnia
1390 2576 1519 2643 fere
1564 2575 1845 2643 instituta
1872 2575 2026 2663 juris
2056 2573 2289 2663 publici
2321 2595 2476 2662 quae

225 2714 356 2772 tam
418 2706 485 2771 in
532 2705 886 2792 municipiis
931 2704 998 2769 in
1047 2706 1429 2783 universum,
1477 2728 1658 2792 quam
1710 2706 1979 2771 Malacae
2026 2704 2477 2791 Salpensaeque

219 2833 514 2919 vigebant
583 2831 928 2897 introducta
999 2836 1180 2917 atque
1227 2832 1503 2897 ordinata
1551 2832 1743 2897 fuisse
1808 2831 2143 2896 secundum
2202 2851 2273 2895 ea
2320 2852 2475 2915 quae

218 2961 494 3038 Romae,
545 2960 612 3023 in
661 2959 971 3023 communi
1033 2958 1230 3045 patria
1286 2958 1735 3045 deprehendere
1792 2959 2093 3039 solemus,
2145 2958 2232 3022 ita
2278 2963 2350 3023 ut
2397 2957 2473 3021 de

219 3084 584 3172 municipiis
646 3084 992 3172 praedicare
1053 3084 1270 3165 liceat,
1346 3084 1512 3171 quod
1571 3104 1831 3149 eamus
1875 3085 1916 3169 ¹)
1974 3083 2208 3148 ratione
2263 3081 2475 3149 habita

218 3213 595 3280 coloniarum
670 3212 924 3290 statuit,
1012 3234 1082 3278 ea
1151 3212 1381 3297 „quasi
1445 3212 1675 3298 effigies
1746 3233 1956 3298 parvas
2028 3211 2473 3297 simulacraque

216 3340 440 3429 populi
485 3337 784 3404 Romani'’
824 3362 970 3404 esse.

413 3450 645 3515 Verum
710 3449 1003 3535 probatur
1065 3450 1180 3515 hoc
1245 3450 1394 3536 ipsis
1441 3450 1680 3537 legibus
1739 3450 1994 3529 Flaviis,
2048 3472 2203 3537 quae
2251 3449 2472 3515 docent

215 3576 477 3644 eandem
551 3581 920 3662 potestatum
987 3576 1475 3642 distributionem
1541 3577 1867 3664 Salpensae
1932 3583 1993 3643 et
2052 3577 2326 3643 Malacae
2400 3597 2471 3642 ac

211 3708 451 3773 Romae
483 3704 840 3782 invaluisse3
893 3705 1362 3791 distinguuntur
1394 3706 1558 3771 enim
1592 3706 1658 3771 in
1690 3705 2130 3771 monumentis:
2167 3704 2432 3790 populus
2450 3753 2470 3784 ,

214 3839 473 3899 senatus
508 3839 569 3896 et
601 3833 1009 3918 magistratus,
1062 3833 1320 3919 Singula
1352 3832 1458 3897 illa
1492 3832 1773 3898 instituta
1804 3833 1922 3897 hoc
1954 3832 2089 3898 loco
2122 3831 2467 3897 examinare

212 3960 391 4036 vo10,
429 3981 550 4044 qua
581 3982 654 4025 ex
689 3959 1101 4046 disputatione
1137 3958 1449 4047 apparebit
1480 3960 1675 4025 multa
1701 3961 1843 4047 jura
1874 3982 2028 4046 quae
2059 3959 2286 4025 Romae
2306 4008 2325 4039 ‚
2359 3959 2468 4023 flo-

211 4094 393 4153 rente
455 4086 802 4171 republica,
870 4087 1100 4173 populo
1150 4089 1645 4175 competiverint,
1696 4087 1809 4152 sub
1856 4088 2231 4174 Imperatore
2280 4106 2469 4152 Dom-

211 4234 410 4281 TIANO
459 4214 642 4279 etiam
690 4216 757 4279 in
805 4217 1152 4302 municipiis
1216 4215 1435 4282 Flaviis
1481 4216 1669 4281 fuisse
1720 4222 1971 4283 servata.

371 4511 385 4544 ¹
459 4512 591 4563 Noct.
627 4514 731 4563 Atc.
765 4512 868 4564 Lib.
909 4514 999 4574 16,
1037 4514 1135 4580 Cap
1174 4517 1250 4565 13.
