3027 5263
1296 606 1380 668 31

215 823 348 866 cam
396 806 457 866 et
515 799 864 884 Salpensam
933 803 994 862 et
1057 799 1120 862 in
1171 798 1408 884 legibus
1457 804 1520 862 et
1568 797 1715 862 alibi
1752 799 1797 884 ¹)
1848 797 2087 884 saepius
2133 800 2465 888 municipia

213 928 518 1014 appellata
570 927 833 1003 videret,
881 925 1091 990 Latini
1132 925 1286 1010 juris
1335 925 1522 990 fuisse
1570 924 1750 989 urbes
1798 926 2040 1011 negavit
2071 926 2140 1010 2).

403 1055 549 1121 Tres
602 1054 898 1140 imprimis
949 1076 1166 1119 causae
1200 1076 1336 1118 eum
1373 1053 1821 1138 prohibuerunt
1856 1055 2188 1139 quominus
2224 1059 2465 1120 senten·

211 1184 402 1263 tiam,
455 1205 637 1268 quam
687 1204 881 1246 meam
921 1203 1172 1273 „quoque
1220 1203 1346 1246 esse
1395 1181 1559 1259 dixi,
1596 1180 2077 1266 amplecteretur.
2130 1180 2285 1248 Eam
2318 1203 2461 1268 ergo

213 1310 450 1397 rejicit:

410 1439 503 1502 1⁰.
557 1435 738 1521 quia,
805 1435 914 1519 qui
980 1433 1296 1497 contendit
1353 1433 1688 1518 municipia
1751 1433 1977 1498 Latina
2039 1432 2261 1516 fuisse,
2312 1456 2467 1521 pug-

209 1587 358 1629 nare
407 1565 464 1628 ei
513 1563 757 1627 videtur
807 1584 948 1626 cum
998 1560 1164 1624 omni
1216 1560 1579 1644 antiquitate
1626 1559 1937 1640 Romana,

410 1691 510 1754 2⁰.
563 1690 704 1775 quia
768 1711 1014 1754 necesse
1077 1709 1202 1752 non
1267 1687 1506 1752 videtur
1570 1694 1643 1751 ut
1706 1709 1783 1751 cx
1828 1688 1978 1774 ipsis
2034 1687 2270 1775 legibus
2318 1689 2469 1756 haec

215 1819 430 1905 opinio
481 1815 850 1894 deducatur,

407 1945 506 2009 3⁰.
559 1945 700 2028 quia
749 1944 802 2007 si
849 1942 1248 2006 Latinitatem
1295 1963 1333 2005 a
1377 1939 1753 2026 Vespasiano
1789 1941 2053 2006 oblatam
2092 1944 2468 2030 accepissent

215 2071 460 2136 Malaca
525 2079 585 2136 et
645 2069 968 2156 Salpensa,
1037 2067 1264 2155 quippe
1329 2090 1484 2152 quae
1567 2067 1747 2134 urbes
1810 2069 2153 2135 foederatae
2218 2077 2465 2150 essent,

218 2197 480 2262 mutatio
551 2201 794 2260 tantum
865 2194 1124 2259 foederis
1189 2194 1264 2258 iis
1329 2194 1687 2272 accidisset,
1736 2215 1862 2259 non
1911 2218 2055 2260 vero
2103 2194 2465 2262 beneficium

217 2325 289 2389 in
339 2347 440 2388 eas
489 2322 779 2388 collatum
826 2323 1072 2401 fuisset,
1123 2321 1287 2407 quod
1335 2322 1463 2386 fieri
1513 2322 1788 2406 potuisse
1837 2329 2039 2408 negat.

413 2451 493 2515 In
551 2452 756 2514 animo
807 2431 898 2514 est
947 2449 1270 2533 diligenter
1318 2450 1661 2514 examinare
1710 2472 1865 2535 quae
1915 2456 2126 2514 auctor
2167 2450 2273 2514 ille
2298 2448 2467 2514 obie-

219 2579 344 2659 cit,
397 2577 746 2663 praesertim
798 2577 939 2663 quia
988 2599 1201 2658 nem0,
1255 2583 1551 2662 quantum
1600 2577 1885 2676 equidem
1929 2576 2091 2659 scio,
2131 2577 2249 2643 hoc
2288 2599 2469 2663 argu-

221 2711 508 2770 mentum
557 2704 834 2769 consulto
883 2725 1200 2789 aggressus
1250 2710 1356 2768 est.

413 2832 513 2896 Ad
558 2832 784 2896 Imum.
835 2832 1042 2917 Negat
1089 2852 1286 2895 zuMP'r
1333 2839 1480 2895 nota
1526 2831 1709 2895 fuisse
1757 2837 1897 2896 ante
1946 2830 2185 2897 tabulas
2232 2837 2473 2897 nostras

218 2956 490 3046 repertas
539 2959 872 3045 municipia
918 2958 1156 3022 Latina.
1256 2959 1400 3043 Ipsa
1461 2980 1579 3021 vox
1641 2958 2091 3042 „municipium
2137 2958 2467 3024 Latinum''

219 3110 529 3172 nusquam
577 3088 734 3150 forte
781 3087 1042 3151 occurrit
1057 3111 1077 3165 3
1146 3108 1326 3151 nemo
1375 3092 1609 3162 tamen,
1659 3091 1729 3150 ut
1776 3085 2046 3165 videtur,
2097 3086 2469 3171 municipia,

221 3238 384 3300 quae
431 3236 666 3279 Faunus
714 3235 1026 3281 DIAcoNUS
1093 3213 1321 3279 civium
1385 3212 1802 3279 Romanorum
1850 3235 1974 3277 non
2023 3212 2207 3278 fuisse
2256 3212 2466 3293 docet,

225 3341 412 3427 (inter
462 3365 616 3427 quae
665 3365 868 3408 revera
915 3342 1092 3407 urbes
1139 3342 1400 3407 Latinae
1448 3340 1723 3407 fuerunt:
1772 3340 2116 3406 Lanuvium
2164 3364 2219 3409 v.
2245 3344 2327 3429 g).
2358 3342 2474 3407 hoc

375 3834 410 3894 1)
481 3832 554 3882 cf.
599 3832 938 3896 Inscriptiones
997 3848 1112 3897 quas
1159 3834 1278 3883 citat
1334 3846 1613 3889 MOMMSEN,
1672 3846 1813 3896 quem
1860 3830 1969 3879 vide
2017 3830 2148 3895 quod
2194 3831 2369 3879 attinet
2416 3830 2474 3878 ad

224 3918 494 3976 Malacam,
531 3932 580 3983 1>-
617 3918 736 3975 400,
779 3923 879 3965 not.
917 3918 1002 3977 23,
1045 3918 1171 3981 quod
1207 3918 1264 3967 ad
1302 3918 1611 3983 Salpensam,
1647 3932 1695 3981 p.
1734 3917 1831 3965 389
1867 3918 1970 3965 not.
2010 3916 2058 3965 2.

371 4001 411 4061 2)
479 4002 536 4050 P.
574 4004 656 4052 31.
694 4002 839 4051 Pauci
890 4004 1172 4051 sententiam
1217 4004 1291 4051 vir
1338 4004 1398 4053 cl.
1449 4016 1639 4060 zUMP‘r,
1690 4001 1839 4050 secuti
1876 4005 2015 4059 sunt,
2069 4016 2137 4051 sc.
2172 4000 2233 4051 cl.
2268 4013 2310 4051 J.
2344 4014 2396 4051 A.
2430 4014 2482 4051 c-

225 4099 426 4135 Rovzns
479 4086 526 4135 iu
583 4088 992 4136 Commentatioue
1027 4104 1145 4151 quae
1183 4089 1361 4152 prodiit
1396 4088 1444 4135 in
1480 4087 1891 4150 Aanteekeninqen
1926 4086 2011 4135 der
2046 4087 2186 4135 sectio·
2219 4100 2331 4134 voor
2368 4086 2475 4134 Let-

224 4171 462 4219 terkunde
511 4186 568 4218 en
629 4173 946 4234 Wg'jsbeqeerte
990 4189 1081 4220 van
1115 4174 1192 4220 ket
1223 4188 1353 4235 prov.
1402 4175 1498 4222 Utr.
1541 4172 1860 4231 Genoolschap
1896 4187 1989 4219 van
2027 4170 2238 4217 Kunsten
2275 4186 2332 4217 en
2380 4170 2476 4218 We·

225 4256 566 4316 tenschappen,
622 4256 732 4303 anni
775 4258 928 4313 1860,
967 4256 1040 4305 cui
1080 4273 1230 4321 nuper
1267 4274 1452 4320 quoque
1490 4256 1747 4305 assentitur
1784 4256 1871 4305 Dr.
1906 4270 1961 4303 M.
1998 4268 2100 4304 vAN
2138 4268 2257 4303 Lrssn
2290 4254 2339 4302 in
2368 4254 2479 4303 Dis·

223 4340 479 4403 quisitione
530 4340 590 4387 de
623 4356 734 4388 aere
769 4342 1054 4402 Salpensano
1089 4347 1136 4389 et
1172 4344 1468 4391 Malao-itam
1503 4342 1711 4404 Trajecti
1747 4341 1810 4389 ad
1836 4340 2057 4389 Rhenum
2089 4340 2242 4389 1865.
2279 4339 2353 4388 Ab
2390 4339 2479 4387 ho-

224 4441 336 4473 rum
392 4440 504 4473 vero
543 4426 754 4473 virorum
791 4428 1026 4475 sententia
1063 4428 1342 4492 explicanda
1377 4428 1587 4491 prudens
1624 4426 1868 4483 abstineo,
1908 4442 2017 4475 cum
2052 4428 2254 4489 uterque
2290 4424 2377 4473 viri
2416 4422 2473 4471 cl.

227 4522 399 4559 zmip‘r
437 4509 638 4573 vestigia
674 4511 771 4559 fere
807 4512 1050 4575 presserit.
