3027 5263
17 4938 66 5233 *aufe-³1.

1329 586 1407 648 71

244 777 326 844 lis
397 780 516 846 hac
585 781 716 868 ipsa
790 779 1158 846 discessione
1221 777 1288 843 in
1337 777 1495 842 hanc
1544 777 1865 844 alteramve
1910 783 2141 864 partem
2206 777 2492 866 suffragia

243 906 522 972 ferebant
570 909 634 994 ¹).
729 907 934 972 Maior
1005 929 1142 993 pars
1215 927 1422 971 eorum
1488 905 1594 990 qui
1658 905 1911 970 aderant
1956 904 2377 990 requirebatur
2424 912 2494 971 ut

247 1034 552 1100 sententia
599 1033 1118 1119 comprobaretur,
1169 1033 1224 1097 si
1272 1031 1664 1098 dubitabatur
1695 1031 1948 1098 ubinam
1989 1038 2141 1098 esset
2165 1032 2272 1097 illa
2298 1032 2491 1098 maior

243 1183 418 1247 pars,
471 1161 745 1227 omnium
793 1161 1136 1226 numeratio
1185 1159 1550 1245 sequebatur
1580 1160 1652 1244 ²).

431 1287 599 1352 Haec
648 1293 818 1352 erant
865 1287 1124 1352 dicenda
1169 1292 1242 1350 ut
1287 1287 1602 1373 perspicue
1650 1290 1963 1371 appareret
2009 1285 2161 1371 quid
2192 1284 2489 1352 formulae

244 1434 399 1498 qnae
444 1413 562 1478 hoc
613 1413 828 1498 Capite
877 1412 1269 1476 eontinentur
1318 1433 1403 1476 sc.
1453 1409 1754 1490 „referre”
1786 1432 1989 1496 „quos
2035 1408 2309 1496 placeat''
2340 1411 2489 1491 „de-

245 1538 617 1616 cernanto,”
669 1539 1033 1624 significent.

431 1667 522 1730 Ut
545 1665 860 1731 redeamus
885 1667 1076 1750 igitur
1100 1665 1174 1729 ad
1203 1665 1404 1749 Caput
1435 1667 1542 1730 68.
1578 1663 1733 1750 Iegis
1756 1663 2177 1746 Malacitanae‚
2213 1665 2490 1731 videmus

239 1793 312 1858 ΙΙ
363 1794 562 1859 virum
633 1793 910 1858 retulisse
964 1792 1040 1858 de
1101 1792 1429 1870 electione3
1490 1791 1745 1856 fortasse
1793 1791 2011 1856 iisdem
2075 1792 2200 1856 illis
2257 1792 2489 1858 verbis:

237 1920 458 2003 „Quid
504 1921 635 1986 fieri
681 1920 884 2006 placet
899 1919 966 1984 ?’'
1013 1919 1090 1985 ad
1139 1919 1420 2004 suffragia
1466 1917 1714 1984 ferenda
1762 1919 2119 1984 decuriones
2158 1919 2481 1984 excitabat.

241 2048 336 2112 De
383 2048 592 2113 ordine
641 2071 762 2133 quo
811 2047 1093 2133 suffragia
1139 2047 1394 2111 tulerint
1425 2068 1552 2110 non
1578 2046 1897 2123 docemur,
1932 2046 2255 2111 verisimile
2280 2055 2487 2112 tamen

240 2181 330 2240 est
392 2173 600 2240 eodem
664 2174 878 2240 ordine
926 2173 1210 2260 suffragia
1260 2172 1471 2237 tulisse
1522 2195 1643 2257 quo
1692 2173 2019 2238 sententias
2069 2174 2265 2258 rogari
2314 2173 2482 2238 soliti

242 2306 462 2366 essent.
560 2301 656 2366 De
712 2301 828 2366 hac
898 2322 962 2364 re
1033 2305 1236 2364 autem
1285 2300 1563 2364 certiores
1627 2321 1739 2362 nos
1789 2298 1933 2363 facit
1980 2319 2326 2380 mmm,
2378 2301 2488 2386 qui

242 2449 383 2492 enm
456 2426 711 2493 dixisset
758 2427 1053 2513 dignitate
1100 2427 1373 2492 ordinem
1423 2425 1714 2490 constitui
1760 2425 1828 2489 in
1878 2425 2015 2490 albo
2073 2425 2447 2491 conficiendo
2461 2476 2481 2507 ‚

239 2553 478 2622 addidit
503 2553 586 2642 ³):
640 2553 766 2634 „In
813 2552 1128 2618 sententiis
1175 2575 1418 2640 quoque
1451 2553 1725 2617 dicendis
1750 2553 1911 2619 idem
1936 2554 2083 2620 ordo
2114 2554 2481 2641 spectandus

240 2689 336 2749 est
382 2706 564 2769 quem
612 2683 678 2747 in
725 2683 870 2749 albo
919 2683 1238 2749 scribendo
1287 2682 1619 2747 diximus.”

425 2811 790 2877 Aecus-atius
853 2810 954 2877 lex
1015 2809 1386 2876 Malacitana
1449 2810 1579 2896 agit
1625 2809 1701 2874 de
1748 2810 1983 2875 ratione
2032 2832 2153 2896 qua
2201 2809 2486 2897 suffragia

234 2938 482 3003 ferenda
547 2938 670 3003 sint
721 2961 760 3003 a
804 2938 1230 3005 decurionibus
1247 2963 1267 3016 3
1328 2938 1647 3003 decernere
1694 2936 1857 3001 enim
1918 2936 2213 3021 jubentur
2257 2938 2488 3024 „jurati

232 3089 346 3153 per
390 3065 740 3132 tabellam-’³

425 3194 773 3278 Antequam
844 3192 1128 3278 suffragia
1197 3190 1395 3256 ferant
1451 3191 1655 3275 jurare
1704 3189 1929 3254 debent
1943 3216 1962 3270 3
2030 3188 2195 3255 idem
2241 3197 2487 3258 cavetur

231 3319 304 3383 in
370 3317 584 3405 Capite
637 3320 744 3385 61.
791 3319 948 3405 legis
995 3319 1186 3398 Mal„
1239 3318 1348 3383 ubi
1396 3317 1707 3382 decretum
1757 3317 1989 3383 ordinis
2037 3319 2369 3405 requiritur
2414 3325 2486 3384 ut

231 3446 624 3531 magistratus
695 3453 978 3532 cooptare
1046 3445 1240 3532 possit
1310 3453 1635 3531 patronum
1702 3445 2060 3531 municipii,
2129 3446 2295 3531 quod
2351 3453 2486 3511 tum

235 3574 482 3639 demum
538 3572 880 3638 faciendum
929 3577 1020 3637 est
1066 3579 1388 3658 postquam
1436 3572 1665 3657 „jurati
1713 3594 1821 3657 per
1868 3570 2194 3636 tabellam”
2244 3577 2483 3635 senten·

235 3700 390 3765 tiam
437 3698 733 3764 tulerunt.

419 3824 857 3890 Iusiurandum
903 3825 1097 3911 igitur
1143 3826 1210 3889 in
1233 3824 1367 3911 lege
1391 3847 1518 3888 non
1542 3829 1844 3911 praestare
1864 3821 2153 3908 jubentur
2179 3828 2481 3889 senatores

231 3952 359 4017 nisi
405 3951 512 4017 ubi
559 3952 634 4017 de
681 3951 1018 4015 honoribus
1069 3951 1446 4016 conferendis
1510 3951 1592 4015 sit
1658 3972 1871 4015 serm0.
1971 3949 2357 4015 LABOULAYE
2406 3952 2485 4017 ad

231 4080 402 4146 hunc
447 4078 654 4143 locum
701 4079 938 4143 notavit
963 4078 1047 4165 4)ε
1101 4078 1360 4161 „Quant
1407 4101 1487 4143 au
1533 4084 1797 4144 serment
1843 4074 2066 4164 special
2101 4078 2285 4163 qu’on
2311 4076 2483 4164 exige

379 4223 414 4284 ¹)
485 4221 592 4271 vid.
627 4235 883 4280 anamim,
920 4223 1055 4273 Noct.
1080 4224 1182 4271 Att.
1219 4221 1323 4271 Lib.
1367 4223 1456 4279 14,
1499 4221 1617 4285 Cap.
1651 4214 1704 4269 7.

375 4306 415 4364 2)
486 4304 592 4355 vid.
627 4319 840 4355 mvxuu.
873 4306 980 4356 Lib.
1018 4307 1106 4365 26,
1148 4306 1263 4371 Cap.
1301 4306 1364 4355 33
1403 4309 1453 4355 et
1486 4318 1740 4365 rumim,
1775 4306 1864 4369 Ep.
1904 4306 1963 4365 8,
2000 4304 2118 4369 Cap.
2158 4307 2237 4355 14.

373 4389 415 4452 3)
483 4389 542 4439 In
577 4388 682 4455 lege
720 4391 747 4439 1
785 4391 809 4451 ς
849 4390 874 4439 1
916 4392 980 4440 D.
1013 4392 1074 4440 de
1111 4392 1219 4441 albo
1251 4390 1390 4443 scrib.
1425 4392 1599 4453 (50.3).

373 4473 417 4535 4)
485 4473 545 4523 In
580 4474 767 4540 Opere=
803 4477 873 4525 les
912 4476 1073 4525 Tables
1107 4492 1154 4541 p.
1191 4477 1256 4524 45
1295 4480 1398 4527 not.
1435 4476 1531 4531 38„
