3027 5263
1308 581 1393 643 49

222 772 418 853 rebit,
492 773 600 840 ubi
673 773 746 838 de
820 771 1264 858 magistratibus
1316 773 1556 859 agitur,
1609 774 1847 839 diversa
1893 776 1956 838 in
2008 797 2215 842 eorum
2274 801 2475 864 perso·

227 902 369 981 1116,
419 900 527 984 qui
577 901 1001 986 magistratum
1050 905 1302 985 petunt,
1361 901 1773 985 requiruntur.

419 1027 592 1109 Quae
666 1028 1000 1114 disputatio
1074 1050 1211 1092 cum
1263 1029 1454 1115 magis
1505 1036 1647 1114 apta
1695 1029 1901 1094 futura
1948 1031 2028 1095 sit
2076 1032 2179 1097 ubi
2230 1033 2305 1096 de
2356 1055 2475 1098 ma·

228 1156 587 1241 gistratibus
657 1177 852 1220 sermo
917 1157 1067 1232 erit,
1137 1157 1338 1240 potius
1401 1155 1705 1240 inquiram
1756 1158 1820 1221 in
1879 1159 2126 1222 effectus
2174 1159 2475 1225 honorum

227 1284 656 1367 gerendorum;
712 1290 1034 1367 antequam
1083 1289 1288 1347 tamen
1338 1283 1412 1347 de
1457 1284 1593 1368 jure
1627 1306 1747 1368 quo
1782 1286 1945 1349 aucti
1984 1286 2107 1348 sint
2140 1287 2476 1372 municipes

231 1409 480 1489 Latini,
556 1411 664 1494 qui
737 1409 1162 1494 magistratum
1229 1416 1571 1493 gesserant,
1624 1410 1907 1495 disput0,
1960 1412 2253 1497 attingere
2300 1412 2479 1478 liceat

229 1537 688 1621 quaestionem,
743 1541 948 1599 utrum
997 1534 1232 1598 incolae
1280 1534 1555 1599 Malacae
1604 1541 1665 1599 et
1696 1536 2016 1620 Salpensae
2044 1539 2143 1623 jus
2175 1538 2478 1604 honorum

226 1665 555 1729 habuerint
604 1684 807 1726 necne.
905 1662 996 1726 De
1048 1662 1160 1726 hac
1208 1684 1271 1726 re
1321 1685 1394 1726 ex
1441 1662 1577 1747 lege
1626 1663 2031 1742 Malaoitana,
2091 1687 2245 1750 quae
2294 1667 2475 1732 modo

228 1791 518 1877 ingenuis
581 1791 680 1874 jus
738 1787 894 1852 illud
940 1786 1193 1867 tribuit,
1247 1787 1471 1872 quibus
1522 1797 1720 1853 autem
1773 1791 2053 1875 ingenuis
2102 1793 2479 1878 competierit

226 1940 360 1982 non
417 1917 620 1994 addit,
672 1915 827 1980 nihil
885 1920 1160 1980 constare
1208 1921 1425 2000 potest.

422 2044 659 2107 Mirum
733 2064 876 2107 sane
947 2065 1072 2106 non
1147 2043 1396 2119 fuisset,
1471 2043 1547 2106 iis
1612 2045 1712 2128 jus
1785 2044 2081 2109 honorum
2132 2067 2480 2112 concessum

232 2172 452 2250 fuisse,
502 2193 642 2235 cum
688 2175 896 2255 postea
945 2168 1098 2232 illud
1140 2169 1293 2252 juris
1341 2169 1526 2233 fuisse
1576 2176 1900 2255 appareat,
1947 2170 2244 2257 pluraque
2284 2195 2479 2238 exem·

235 2299 373 2386 pla,
438 2299 740 2362 honorum
789 2296 1008 2361 incolis
1057 2296 1485 2361 mandatorum
1537 2296 1739 2361 adsint
1781 2297 1842 2380 ¹).

425 2427 673 2504 ZUMP'r,
722 2432 796 2490 ut
860 2424 1054 2490 obiter
1125 2447 1435 2504 moneam,
1489 2424 1809 2510 Salpensae
1859 2431 2054 2506 certe,
2106 2427 2336 2491 incolas
2378 2428 2481 2512 jus

234 2555 393 2620 illud
442 2554 722 2619 habuisse
771 2552 1131 2634 arbitratur,
1184 2553 1348 2637 quod
1399 2551 1611 2616 saltem
1660 2552 1857 2617 efficio
1897 2574 1968 2618 cx
2025 2553 2222 2618 verbis
2257 2553 2480 2640 quibus

232 2685 440 2770 Caput
490 2687 570 2748 21
625 2684 777 2767 legis
826 2682 1261 2767 Salpensanae,
1329 2681 1496 2765 quod
1548 2681 1623 2745 ab
1673 2681 1851 2745 initio
1887 2688 1979 2745 est
2028 2704 2343 2761 mancum,
2394 2705 2486 2747 re·

233 2811 478 2887 stituit3
528 2810 763 2895 quaerit
810 2808 971 2873 enim
1005 2808 1093 2893 ²):
1152 2805 1423 2886 „Nonne
1471 2808 1559 2871 sic
1608 2807 1730 2870 fere
1778 2830 1906 2871 esse
1956 2808 2233 2892 poterat?
2304 2809 2483 2873 Inco—

227 2941 464 3018 larum,
514 2939 620 3023 qui
667 2936 877 3001 Latini
944 2942 1156 3011 erunt,
1210 2933 1476 2997 comitiis
1542 2935 1695 2999 ratio
1744 2934 1952 2999 haberi
2010 2935 2265 3020 poterit,
2317 2936 2370 2999 si
2418 2937 2483 2999 in

226 3064 966 3151 municipium-Flavium
999 3062 1434 3146 Salpensanum
1473 3059 1734 3124 abierint
1766 3082 1902 3124 cum
1936 3062 2291 3146 parentibus
2326 3060 2483 3125 cet.''

231 3195 441 3275 Quam
488 3193 566 3257 ob
597 3214 726 3256 rem
757 3192 913 3255 hanc
965 3190 1410 3253 restitutionem
1444 3189 1831 3274 rejiciendam
1866 3211 1989 3252 esse
2021 3195 2267 3274 putem,
2298 3190 2486 3275 paulo

231 3326 378 3407 post
427 3319 704 3384 indicabo
723 3344 742 3397 3
793 3319 912 3382 1100
944 3318 1075 3382 1000
1107 3322 1308 3381 tamen
1343 3316 1562 3380 addere
1597 3316 1733 3382 volo
1746 3365 1765 3394 ,
1802 3317 2021 3381 mirum
2056 3317 2245 3382 videri
2263 3368 2282 3398 ,
2318 3318 2485 3382 illam

232 3448 570 3534 profectam
619 3469 745 3511 6660
796 3469 830 3509 6
881 3445 1008 3509 viro
1053 3443 1128 3508 cl.
1185 3463 1420 3523 ZUMPT,
1474 3442 1549 3507 ab
1587 3442 1797 3507 eodem
1848 3450 2122 3521 auctore,
2168 3446 2275 3528 qui
2308 3445 2491 3529 paulo

232 3580 380 3640 ante
413 3574 460 3659 ³)
509 3574 786 3658 scripsit:
863 3572 1009 3650 „Sic
1058 3571 1246 3655 igitur
1295 3570 1369 3633 de
1403 3568 1912 3634 Malacitanorum
1956 3570 2489 3655 Salpensanorum·

233 3726 362 3790 que
411 3702 628 3767 11100116
677 3705 1010 3764 statuemus
1058 3720 1194 3775 606,
1246 3698 1523 3783 quamvis
1574 3696 1855 3780 suffragia
1912 3695 1987 3759 de
2036 3695 2489 3781 magistratibus

234 3833 500 3910 ferrent,
550 3830 627 3893 ad
675 3829 930 3892 honores
981 3827 1147 3912 ipsos
1195 3848 1317 3890 non
1369 3848 1496 3889 esse
1547 3823 1907 3888 6ᾶ11116606.”

429 3958 770 4021 Redeamus
811 3957 936 4041 jam
987 3955 1063 4019 ad
1113 3953 1591 4040 disputationem
1628 3953 1701 4018 de
1744 3952 2059 4018 effectibus
2106 3954 2495 4039 magistratus

389 4231 424 4293 ¹)
495 4229 601 4279 vid.
639 4229 730 4291 leg.
769 4226 831 4279 17
869 4230 976 4287 §4‚
1018 4228 1078 4277 D.
1117 4228 1183 4276 ad
1214 4244 1339 4277 mun.
1376 4226 1475 4287 (50.
1519 4228 1594 4288 1,)
1608 4246 1621 4283 ;
1678 4225 1914 4274 addantur
1960 4225 2237 4274 testimonia
2286 4227 2501 4275 veterum

239 4332 367 4383 quae
403 4316 518 4364 citat
554 4324 1100 4373 BECKEB-MARQUABDT
1135 4311 1184 4359 in
1226 4311 1314 4374 01).
1349 4312 1382 4361 l.
1415 4309 1526 4370 ΙΙΙ,
1571 4312 1593 4359 1
1633 4325 1680 4375 p.
1717 4310 1813 4359 383
1853 4314 1952 4361 not.
1991 4310 2139 4359 2442.

386 4401 425 4463 2)
495 4400 632 4448 saud.
672 4400 802 4447 Rom.
838 4413 889 4462 p.
928 4397 1046 4446 356.

389 4484 428 4545 ³)
497 4484 630 4534 Stud.
667 4484 796 4533 Rom.
832 4498 879 4547 p.
921 4482 1036 4533 285.
